@article{Grad2009Custom,
author = {Grad, Shelby},
journal = {Los Angeles Times},
title = {{Engineers who hacked into L.A. traffic signal computer, jamming streets, sentenced}},
year = {2009}
}

@article{Rosenberg2014Custom,
author = {Rosenberg, Mike},
journal = {San Jose Mercury News},
title = {{Underground copper wire heist causes San Jose freeway flood}},
year = {2014}
}
@article{Sutton2014Custom,
author = {Sutton, Jonathan},
journal = {The Oklahoman},
title = {{Copper wire stolen from traffic signal, street lights in Oklahoma City}},
year = {2014}
}

@article{Zetter2014Custom,
author = {Zetter, Kim},
journal = {wired.com},
title = {{Hackers Can Mess With Traffic Lights to Jam Roads and Reroute Cars}},
year = {2014}
}

@inproceedings{MuralidharanaCustom,
author = {Muralidharan, Ajith and Horowitz, Roberto},
booktitle = {American Control Conference (ACC)},
organization = {IEEE},
pages = {5769--5774},
title = {{Optimal control of freeway networks based on the link node cell transmission model}},
year = {2012}
}