/Users/jdr/Documents/bibliography/library.bib