@article{Fugenschuh2006Combinatorial,
	author = {Fugenschuh, Armin and Herty, Michael and Klar, Axel and Martin, Alexander},
	booktitle = {SIAM Journal on Optimization},
	journal = {SIAM Journal on Optimization},
	keywords = {040605503,1,10,1137,35l50,90b20,ams subject classifications,combinatorial methods,doi,has been,introduction,modeling and simulation of,partial differential equations,traffic flow on highways,traffic networks},
	number = 4,
	pages = {1155-1176},
	publisher = {Society for Industrial and Applied Mathematics},
	title = {Combinatorial and continuous models for the optimization of traffic flows on networks},
	volume = 16,
	year = 2006
}

@incollection{Giles2003Discrete,
	author = {Giles, Michael B MB},
	booktitle = {Hyperbolic Problems: Theory, Numerics, Applications},
	journal = {Hyperbolic Problems: Theory, Numerics, Applications},
	pages = {185-194},
	publisher = {Springer},
	title = {Discrete adjoint approximations with shocks},
	url = {http://books.google.com/books?hl=en\&lr=\&id=TapltAX3ry8C\&oi=fnd\&pg=PA185\&dq=Discrete+adjoint+approximations+with+shocks\&ots=aTKjqG3Suw\&sig=8vNRcXp7F3FnsRScAcqTS2huSbA},
	urldate = {22/08/12},
	year = 2003
}

@article{Ulbrich2002Sensitivity,
	author = {Ulbrich, Stefan},
	booktitle = {SIAM journal on control and optimization},
	journal = {SIAM journal on control and optimization},
	number = 3,
	pages = {740-797},
	publisher = {SIAM},
	title = {A sensitivity and adjoint calculus for discontinuous solutions of hyperbolic conservation laws with source terms},
	volume = 41,
	year = 2002
}

@article{Ulbrich2003AdjointBased,
	author = {Ulbrich, Stefan},
	booktitle = {Systems \& Control Letters},
	journal = {Systems \& Control Letters},
	number = 3,
	pages = {313-328},
	publisher = {Elsevier},
	title = {Adjoint-based derivative computations for the optimal control of discontinuous solutions of hyperbolic conservation laws},
	volume = 48,
	year = 2003
}

@article{Banda2012Adjoint,
	author = {Banda, Mapundi K and Herty, Michael},
	booktitle = {Computational Optimization and Applications},
	journal = {Computational Optimization and Applications},
	number = 2,
	pages = {909-930},
	publisher = {Springer},
	title = {Adjoint IMEX-based schemes for control problems governed by hyperbolic conservation laws},
	volume = 51,
	year = 2012
}

@article{Giles2010Convergencea,
	author = {Giles, Mike and Ulbrich, Stefan},
	booktitle = {SIAM Journal on Numerical Analysis},
	journal = {SIAM Journal on Numerical Analysis},
	keywords = {09078078x,1,10,1137,65m08,65m12,adjoint,ams subject classifications,conservation law,continue the analysis of,discrete approxima-,doi,hyperbolic,in this paper we,introduction,linearized,numerical analysis},
	number = 3,
	pages = {905-921},
	publisher = {SIAM},
	title = {Convergence of linearized and adjoint approximations for discontinuous solutions of conservation laws. Part 2: Adjoint approximations and extensions},
	volume = 48,
	year = 2010
}

@book{Garavello2006Traffic,
	author = {Garavello, M. and Piccoli, B.},
	isbn = 9781601330000,
	publisher = {American institute of mathematical sciences Springfield, MA, USA},
	title = {Traffic flow on networks},
	url = {http://www.iac.rm.cnr.it/{	extasciitilde}piccoli/book.pdf},
	urldate = {21/08/12},
	volume = 1,
	year = 2006
}

@article{Frazzoli2002RealTime,
	author = {Frazzoli, Emilio and Dahleh, Munther A and Feron, Eric},
	booktitle = {Journal of Guidance, Control, and Dynamics},
	journal = {Journal of Guidance, Control, and Dynamics},
	number = 1,
	pages = {116-129},
	title = {Real-time motion planning for agile autonomous vehicles},
	volume = 25,
	year = 2002
}

@article{Work2010Traffic,
	author = {Work, D. B. and Blandin, S. and Tossavainen, O. P. and Piccoli, B. and Bayen, A. M.},
	booktitle = {Applied Mathematics Research eXpress},
	issn = {1687-1200},
	journal = {Applied Mathematics Research eXpress},
	month = 4,
	number = 1,
	pages = 1,
	publisher = {Oxford University Press},
	title = {A traffic model for velocity data assimilation},
	url = {http://amrx.oxfordjournals.org/cgi/doi/10.1093/amrx/abq002},
	urldate = {31/08/11},
	volume = 2010,
	year = 2010
}

@article{Rothfarb1970Optimal,
	author = {Rothfarb, B and Frank, H and Rosenbaum, D M and Steiglitz, K and Kleitman, D J},
	booktitle = {Operations Research},
	journal = {Operations Research},
	number = 6,
	pages = {992-1020},
	publisher = {INFORMS},
	title = {Optimal design of offshore natural-gas pipeline systems},
	url = {http://or.journal.informs.org/content/18/6/992.short},
	urldate = {27/09/13},
	volume = 18,
	year = 1970
}

@article{Litrico2009Boundary,
	author = {Litrico, Xavier and Fromion, Vincent},
	booktitle = {Automatica},
	journal = {Automatica},
	number = 3,
	pages = {647-656},
	publisher = {Elsevier},
	title = {Boundary control of hyperbolic conservation laws using a frequency domain approach},
	volume = 45,
	year = 2009
}

@article{Rabbani2010FeedForward,
	author = {Rabbani, Tarek S. and Meglio, Florent Di and Litrico, Xavier and Bayen, Alexandre M.},
	booktitle = {IEEE Transactions on Control Systems Technology},
	issn = {1063-6536},
	journal = {IEEE Transactions on Control Systems Technology},
	month = 1,
	number = 1,
	pages = {213-221},
	title = {Feed-Forward Control of Open Channel Flow Using Differential Flatness},
	url = {http://ieeexplore.ieee.org/lpdocs/epic03/wrapper.htm?arnumber=5169829},
	volume = 18,
	year = 2010
}

@techreport{Brunnermeier1999Interoperability,
	author = {Brunnermeier, S.B. and Martin, S.A.},
	institution = {DIANE Publishing},
	school = {DIANE Publishing},
	title = {Interoperability cost analysis of the US automotive supply chain: Final report},
	url = {http://books.google.com/books?hl=en\&lr=\&id=0lPD3KnvtTgC\&oi=fnd\&pg=PA1\&dq=supply+chain+pde+control\&ots=LLt3-fYpW\_\&sig=XnT97w2VfLW58Cc9UysBVCSwNPg},
	urldate = {27/09/13},
	year = 1999
}

@article{Kotsialos2004Nonlinear,
	author = {Kotsialos, Apostolos and Papageorgiou, Markos},
	booktitle = {IEEE Transactions on Control Systems Technology},
	issn = {1063-6536},
	journal = {IEEE Transactions on Control Systems Technology},
	month = 11,
	number = 6,
	pages = {920-933},
	publisher = {IEEE},
	title = {Nonlinear Optimal Control Applied to Coordinated Ramp Metering},
	url = {http://ieeexplore.ieee.org/lpdocs/epic03/wrapper.htm?arnumber=1347178},
	volume = 12,
	year = 2004
}

@article{Gugat2005Optimal,
	author = {Gugat, M. and Herty, M. and Klar, a. and Leugering, G.},
	booktitle = {Journal of Optimization Theory and Applications},
	issn = {0022-3239},
	journal = {Journal of Optimization Theory and Applications},
	keywords = {adjoint systems,hyperbolic systems,networks,traffic flows},
	month = 9,
	number = 3,
	pages = {589-616},
	title = {Optimal Control for Traffic Flow Networks},
	url = {http://www.springerlink.com/index/10.1007/s10957-005-5499-z},
	urldate = {20/08/12},
	volume = 126,
	year = 2005
}

@article{Bayen2006AdjointBased,
	author = {Bayen, A.M. and Raffard, R.L. and Tomlin, C.J.},
	booktitle = {IEEE Transactions on Control Systems Technology},
	issn = {1063-6536},
	journal = {IEEE Transactions on Control Systems Technology},
	month = 9,
	number = 5,
	pages = {804-818},
	title = {Adjoint-based control of a new eulerian network model of air traffic flow},
	url = {http://ieeexplore.ieee.org/lpdocs/epic03/wrapper.htm?arnumber=1668144},
	volume = 14,
	year = 2006
}

@article{Glass2007On,
	author = {Glass, O. and Guerrero, S.},
	booktitle = {SIAM Journal on Control and Optimization},
	issn = {0363-0129},
	journal = {SIAM Journal on Control and Optimization},
	keywords = {35b25,35q20,93b05,ams subject classifications,burgers equation,controllability,vanishing viscosity limit},
	month = 1,
	number = 4,
	pages = {1211-1238},
	title = {On the uniform controllability of the Burgers equation},
	url = {http://epubs.siam.org/doi/abs/10.1137/060664677},
	urldate = {23/10/13},
	volume = 46,
	year = 2007
}

@article{Coron2013Local,
	author = {Coron, Jean-Michel and Vazquez, Rafael and Krstic, Miroslav and Bastin, Georges},
	booktitle = {SIAM Journal on Control and Optimization},
	isbn = 9781612847993,
	issn = 07431546,
	journal = {SIAM Journal on Control and Optimization},
	keywords = {10,1137,120875739,35f25,35f30,93d20,93d30,ams subject classifications,backstepping,boundary conditions,distributed parameter systems,doi,goursat problem,integral equation,lyapunov function,lyapunov methods,method of characteristics,nonlinear hyperbolic systems,nonlinear systems,stability},
	number = 3,
	pages = {2005-2035},
	title = {Local Exponential H 2 Stabilization of a 2 X 2 Quasilinear Hyperbolic System Using Backstepping},
	url = {http://ieeexplore.ieee.org/xpls/abs\_all.jsp?arnumber=6161075},
	urldate = {09/10/13},
	volume = 51,
	year = 2013
}

@article{Giles2000Introduction,
	author = {Giles, Michael B. and Pierce, Niles A.},
	booktitle = {Flow, Turbulence and Combustion},
	journal = {Flow, Turbulence and Combustion},
	number = {3-4},
	pages = {393-415},
	publisher = {Springer},
	title = {An introduction to the adjoint approach to design},
	url = {http://www.springerlink.com/index/UT16Q7280162408N.pdf},
	urldate = {22/08/12},
	volume = 65,
	year = 2000
}

@book{Jameson2000Aerodynamic,
	author = {Jameson, Antony and Martinelli, Luigi},
	publisher = {Springer},
	title = {Aerodynamic shape optimization techniques based on control theory},
	year = 2000
}

@article{Nessyahu1990NonOscillatory,
	author = {Nessyahu, Haim and Tadmor, Eitan},
	booktitle = {Journal of computational physics},
	journal = {Journal of computational physics},
	number = 2,
	pages = {408-463},
	publisher = {Elsevier},
	title = {Non-oscillatory central differencing for hyperbolic conservation laws},
	volume = 87,
	year = 1990
}

@article{Fuegenschuh2006Combinatorial,
	author = {FÃ¼genschuh, Armin and Herty, Michael and Klar, Axel and Martin, Alexander},
	booktitle = {SIAM Journal on Optimization},
	journal = {SIAM Journal on Optimization},
	keywords = {040605503,1,10,1137,35l50,90b20,ams subject classifications,combinatorial methods,doi,has been,introduction,modeling and simulation of,partial differential equations,traffic flow on highways,traffic networks},
	number = 4,
	pages = {1155-1176},
	publisher = {Society for Industrial and Applied Mathematics},
	title = {Combinatorial and continuous models for the optimization of traffic flows on networks},
	volume = 16,
	year = 2006
}

@book{Apice2010Modeling,
	author = {D'Apice, Ciro and Gottlich, Simone and Herty, Michael and Piccoli, Benedetto},
	publisher = {SIAM},
	title = {Modeling, Simulation, and Optimization of Supply Chains: A Continuous Approach},
	year = 2010
}

@article{Gugat2011Gas,
	author = {Gugat, Martin and Dick, Markus and Leugering, GÃ¼nter},
	booktitle = {SIAM Journal on Control and Optimization},
	journal = {SIAM Journal on Control and Optimization},
	number = 5,
	pages = {2101-2117},
	publisher = {SIAM},
	title = {Gas flow in fan-shaped networks: classical solutions and feedback stabilization},
	volume = 49,
	year = 2011
}

@article{Gugat2012Contamination,
	author = {Gugat, Martin},
	booktitle = {SIAM Journal on Applied Mathematics},
	journal = {SIAM Journal on Applied Mathematics},
	number = 6,
	pages = {1772-1791},
	publisher = {SIAM},
	title = {Contamination source determination in water distribution networks},
	volume = 72,
	year = 2012
}

@article{Daganzo1994Cell,
	author = {Daganzo, C. F.},
	booktitle = {Transportation Research Part B: Methodological},
	journal = {Transportation Research Part B: Methodological},
	keywords = {traffic flow theory fundamental diagram},
	number = 4,
	pages = {269-287},
	publisher = {Elsevier},
	title = {The cell transmission model: A dynamic representation of highway traffic consistent with the hydrodynamic theory},
	volume = 28,
	year = 1994
}

@book{Fiacco1990Nonlinear,
	author = {Fiacco, Anthony V and McCormick, Garth P},
	publisher = {Siam},
	title = {Nonlinear programming: sequential unconstrained minimization techniques},
	volume = 4,
	year = 1990
}

@article{Papageorgiou1991Alinea,
	author = {Papageorgiou, M and Hadj-Salem, H and Blosseville, J.M.},
	booktitle = {Transportation Research Record},
	journal = {Transportation Research Record},
	pages = {58-64},
	title = {ALINEA: A local feedback control law for on-ramp metering},
	url = {http://trid.trb.org/view.aspx?id=365587},
	urldate = {22/10/12},
	volume = 1320,
	year = 1991
}

@article{Monache2014PdeOde,
	author = {Delle Monache, Maria Laura and Reilly, Jack and Samaranayake, Samitha and Krichene, Walid and Goatin, Paola and Bayen, Alexandre M},
	booktitle = {SIAM Journal on Applied Mathematics},
	journal = {SIAM Journal on Applied Mathematics},
	number = 1,
	pages = {22-39},
	publisher = {SIAM},
	title = {A PDE-ODE model for a junction with ramp buffer},
	volume = 74,
	year = 2014
}

@article{Bressan2006Hyperbolic,
	author = {Bressan, Alberto},
	title = {Hyperbolic systems of conservation laws},
	year = 2006
}

@article{Bressan1997ShiftDifferentiability,
	author = {Bressan, Alberto and Guerra, Graziano},
	booktitle = {Discrete Contin. Dynam. Systems},
	issn = {1078-0947},
	journal = {Discrete Contin. Dynam. Systems},
	number = 1,
	pages = {35-58},
	title = {Shift-differentiability of the flow generated by a conservation law},
	volume = 3,
	year = 1997
}

@book{Bressan2000Hyperbolic,
	annote = {The one-dimensional Cauchy problem},
	author = {Bressan, Alberto},
	isbn = {0-19-850700-3},
	note = {The one-dimensional Cauchy problem},
	pages = {xii+250},
	publisher = {Oxford University Press, Oxford},
	series = {Oxford Lecture Series in Mathematics and its Applications},
	title = {Hyperbolic systems of conservation laws},
	volume = 20,
	year = 2000
}
