@article{Wei2013On,
	author = {Wei, Ermin and Ozdaglar, Asuman},
	booktitle = {arXiv preprint arXiv:1307.8254v1},
	isbn = {978-1-4673-2066-5},
	journal = {arXiv preprint arXiv:1307.8254v1},
	pages = 30,
	title = {On the O(1/k) Convergence of Asynchronous Distributed Alternating Direction Method of Multipliers},
	url = {http://arxiv.org/abs/1307.8254v1\nhttp://arxiv.org/abs/1307.8254},
	year = 2013
}

@article{Alberto1995Variational,
	author = {Alberto, Bressan and Andrea, Marson and Bressan, Alberto and Marson, Andrea},
	booktitle = {Communications in partial differential equations},
	issn = {0360-5302},
	journal = {Communications in partial differential equations},
	month = 1,
	number = 9,
	pages = {1491-1552},
	publisher = {[New York, Marcel Dekker, inc.]},
	title = {A variational calculus for discontinuous solutions of systems of conservation laws},
	url = {http://www.tandfonline.com/doi/abs/10.1080/03605309508821142},
	volume = 20,
	year = 1995
}

@article{Ramon2013Global,
	author = {Ramón, José and Frejo, Domínguez and Camacho, Eduardo Fernández and Frejo, José Ramón Domínguez},
	booktitle = {Intelligent Transportation Systems, IEEE Transactions on},
	journal = {Intelligent Transportation Systems, IEEE Transactions on},
	number = 4,
	pages = {1556-1565},
	publisher = {IEEE},
	title = {Global Versus Local MPC Algorithms in Freeway Traffic Control With Ramp Metering and Variable Speed Limits},
	volume = 13,
	year = 2013
}

@article{Roughgarden2002How,
	author = {Roughgarden, T. and Tardos, E.},
	booktitle = {Journal of the ACM (JACM)},
	journal = {Journal of the ACM (JACM)},
	number = 2,
	pages = {236-259},
	publisher = {ACM},
	title = {How bad is selfish routing?},
	volume = 49,
	year = 2002
}

@article{Stewart2010Cooperative,
	author = {Stewart, Brett T and Venkat, Aswin N and Rawlings, James B and Wright, Stephen J and Pannocchia, Gabriele},
	booktitle = {Systems \& Control Letters},
	journal = {Systems \& Control Letters},
	number = 8,
	pages = {460-469},
	publisher = {Elsevier},
	title = {Cooperative distributed model predictive control},
	volume = 59,
	year = 2010
}

@article{Frejo2011Feasible,
	author = {Frejo, J R D and Camacho, E F},
	booktitle = {Conference on Decision and Control},
	institution = {IEEE},
	isbn = 9781612847993,
	journal = {Conference on Decision and Control},
	number = 2,
	pages = {5965-5970},
	school = {IEEE},
	title = {Feasible Cooperation Based Model Predictive Control for Freeway Traffic Systems},
	volume = 50,
	year = 2011
}

@techreport{Donoghue2012Splitting,
	author = {O'Donoghue, B and Stathopoulos, Giorgos and Boyd, Stephen},
	booktitle = {IEEE},
	journal = {IEEE},
	pages = {1-28},
	title = {A splitting method for optimal control},
	url = {http://ieeexplore.ieee.org/xpls/abs\_all.jsp?arnumber=6422363},
	urldate = {05/11/13},
	year = 2012
}

@inproceedings{Mota2012Distributed,
	author = {Mota, João F C and Xavier, João M F and Aguiar, Pedro M Q and Püschel, Markus},
	booktitle = {CDC},
	journal = {CDC},
	pages = {5110-5115},
	title = {Distributed ADMM for model predictive control and congestion control.},
	year = 2012
}

@article{Boyd2010Distributed,
	annote = {From Duplicate 1 ( Distributed Optimization and Statistical Learning via the Alternating Direction Method of Multipliers - Boyd, Stephen; Parikh, Neal; Chu, Eric; Peleato, Borja; Eckstein, Jonathan )},
	author = {Boyd, Stephen and Parikh, Neal and Chu, Eric and Peleato, Borja and Eckstein, Jonathan},
	booktitle = {Foundations and Trends® in Machine Learning},
	issn = {1935-8237},
	journal = {Foundations and Trends® in Machine Learning},
	note = {From Duplicate 1 ( Distributed Optimization and Statistical Learning via the Alternating Direction Method of Multipliers - Boyd, Stephen; Parikh, Neal; Chu, Eric; Peleato, Borja; Eckstein, Jonathan )},
	number = 1,
	pages = {1-122},
	title = {Distributed Optimization and Statistical Learning via the Alternating Direction Method of Multipliers},
	url = {http://www.nowpublishers.com/product.aspx?product=MAL\&doi=2200000016},
	urldate = {05/03/12},
	volume = 3,
	year = 2010
}

@article{Giles2000Introduction,
	author = {Giles, Michael B. and Pierce, Niles A.},
	booktitle = {Flow, Turbulence and Combustion},
	issn = 13866184,
	journal = {Flow, Turbulence and Combustion},
	keywords = {adjoint p,computational fluid dynamics,d,design,e},
	number = {3-4},
	pages = {393-415},
	publisher = {Springer},
	title = {An introduction to the adjoint approach to design},
	url = {http://www.springerlink.com/index/UT16Q7280162408N.pdf},
	urldate = {22/08/12},
	volume = 65,
	year = 2000
}

@article{Reilly2013AdjointBased,
	author = {Reilly, Jack and Krichene, Walid and Delle Monache, M L and Samaranayake, S and Goatin, Paola and Bayen, A.M.},
	booktitle = {Journal of Optimization Theory and Applications (under review)},
	journal = {Journal of Optimization Theory and Applications (under review)},
	keywords = {adjoint based,control of discretized pdes,laws,network of hyperbolic conservation,optimization,ramp metering,transportation engineering},
	pages = {1-23},
	title = {Adjoint-based optimization on a network of discretized scalar conservation law PDEs with applications to coordinated ramp metering},
	year = 2013
}

@article{Reilly2013Mobile,
	author = {Reilly, Jack and Dashti, Shideh and Ervasti, Mari and Bray, Jonathan D. and Glaser, Steven D. and Bayen, Alexandre M.},
	booktitle = {IEEE Transactions on Automation Science and Engineering},
	issn = {1545-5955},
	journal = {IEEE Transactions on Automation Science and Engineering},
	keywords = {Accelerometer,Accelerometers,Earthquakes,Mobile communication,Mobile handsets,Seismic measurements,Sensors,Servers,absolute orientation,automatic data extraction,cellular network connection,crowdsourcing,data collection,data handling,data reporting mechanism,distributed sensors,earthquake,earthquake ground shaking,filtering algorithms,geophysical signal processing,geophysical techniques,high density semiquantitative approach,high fidelity seismic stations,iPhones,iPods,iShake mobile application,iShake system,microcomputers,mobile client-backend server architecture,mobile phones,mobile sensing,participatory sensing,seismic event,seismic sensing,seismograph,seismologic sensors,seismology,sensor equipped mobile devices,shaking table testing,signal processing,signal processing techniques,smart phones,sparse measurements},
	month = 4,
	number = 2,
	pages = {242-251},
	shorttitle = {Automation Science and Engineering, IEEE Transacti},
	title = {Mobile Phones as Seismologic Sensors: Automating Data Extraction for the iShake System},
	url = {http://ieeexplore.ieee.org/lpdocs/epic03/wrapper.htm?arnumber=6470715},
	urldate = {09/10/13},
	volume = 10,
	year = 2013
}

@article{Daganzo1995Cell,
	author = {Daganzo, C. F.},
	booktitle = {Transportation Research Part B: Methodological},
	journal = {Transportation Research Part B: Methodological},
	keywords = {traffic flow theory fundamental diagram},
	number = 2,
	pages = {79-93},
	publisher = {Elsevier},
	title = {The cell transmission model, part II: network traffic},
	volume = 29,
	year = 1995
}

@article{Gugat2011Gas,
	author = {Gugat, Martin and Dick, Markus and Leugering, Günter},
	booktitle = {SIAM Journal on Control and Optimization},
	journal = {SIAM Journal on Control and Optimization},
	number = 5,
	pages = {2101-2117},
	publisher = {SIAM},
	title = {Gas flow in fan-shaped networks: classical solutions and feedback stabilization},
	volume = 49,
	year = 2011
}

@article{Donoghue2013Splitting,
	author = {O'Donoghue, Brendan and Stathopoulos, Giorgos and Boyd, Stephen P},
	booktitle = {IEEE Trans. Contr. Sys. Techn.},
	journal = {IEEE Trans. Contr. Sys. Techn.},
	number = 6,
	pages = {2432-2442},
	title = {A Splitting Method for Optimal Control.},
	volume = 21,
	year = 2013
}

@article{Camponogara2009Distributed,
	author = {Camponogara, Eduardo and De Oliveira, Lucas Barcelos},
	booktitle = {Systems, Man and Cybernetics, Part A: Systems and Humans, IEEE Transactions on},
	journal = {Systems, Man and Cybernetics, Part A: Systems and Humans, IEEE Transactions on},
	number = 6,
	pages = {1331-1338},
	publisher = {IEEE},
	title = {Distributed optimization for model predictive control of linear-dynamic networks},
	volume = 39,
	year = 2009
}

@inproceedings{Pu2014Fast,
	author = {Pu, Ye and Zeilinger, Melanie N. and Jones, Colin N.},
	booktitle = {IFAC World Congress},
	journal = {IFAC World Congress},
	pages = {(To appear)},
	title = {Fast Alternating Minimization Algorithm for Model Predictive Control},
	year = 2014
}

@article{Giselsson2013Accelerated,
	author = {Giselsson, Pontus and Doan, Minh Dang and Keviczky, Tamás and Schutter, Bart De and Rantzer, Anders},
	booktitle = {Automatica},
	journal = {Automatica},
	number = 3,
	pages = {829-833},
	publisher = {Elsevier},
	title = {Accelerated gradient methods and dual decomposition in distributed model predictive control},
	volume = 49,
	year = 2013
}

@article{Venkat2008Distributed,
	author = {Venkat, Aswin N and Hiskens, Ian A and Rawlings, James B and Wright, Stephen J},
	booktitle = {Control Systems Technology, IEEE Transactions on},
	journal = {Control Systems Technology, IEEE Transactions on},
	number = 6,
	pages = {1192-1206},
	publisher = {IEEE},
	title = {Distributed MPC strategies with application to power system automatic generation control},
	volume = 16,
	year = 2008
}

@article{Bayen2006AdjointBased,
	author = {Bayen, A.M. and Raffard, R.L. and Tomlin, C.J.},
	booktitle = {IEEE Transactions on Control Systems Technology},
	issn = {1063-6536},
	journal = {IEEE Transactions on Control Systems Technology},
	month = 9,
	number = 5,
	pages = {804-818},
	title = {Adjoint-based control of a new eulerian network model of air traffic flow},
	url = {http://ieeexplore.ieee.org/lpdocs/epic03/wrapper.htm?arnumber=1668144},
	volume = 14,
	year = 2006
}

@article{Raffard2008AdjointBased,
	author = {Raffard, Robin L and Amonlirdviman, Keith and Axelrod, Jeffrey D and Tomlin, Claire J},
	booktitle = {Automatic Control, IEEE Transactions on},
	journal = {Automatic Control, IEEE Transactions on},
	number = {Special Issue},
	pages = {109-121},
	publisher = {IEEE},
	title = {An adjoint-based parameter identification algorithm applied to planar cell polarity signaling},
	url = {http://ieeexplore.ieee.org/xpls/abs\_all.jsp?arnumber=4439823},
	urldate = {01/08/12},
	volume = 53,
	year = 2008
}

@article{Gabay1976Dual,
	author = {Gabay, Daniel and Mercier, Bertrand},
	booktitle = {Computers \& Mathematics with Applications},
	journal = {Computers \& Mathematics with Applications},
	number = 1,
	pages = {17-40},
	publisher = {Elsevier},
	title = {A dual algorithm for the solution of nonlinear variational problems via finite element approximation},
	volume = 2,
	year = 1976
}

@inproceedings{Nesterov1983Method,
	author = {Nesterov, Yurii},
	booktitle = {Soviet Mathematics Doklady},
	journal = {Soviet Mathematics Doklady},
	number = 2,
	pages = {372-376},
	title = {A method of solving a convex programming problem with convergence rate O (1/k2)},
	volume = 27,
	year = 1983
}

@inproceedings{Muralidharan2012Optimal,
	annote = {From Duplicate 1 ( Optimal control of freeway networks based on the Link Node Cell Transmission model . - Muralidharan, Ajith; Horowitz, Roberto )},
	author = {Muralidharan, Ajith and Horowitz, Roberto},
	booktitle = {American Control Conference (ACC), 2012},
	institution = {IEEE},
	journal = {American Control Conference (ACC), 2012},
	note = {From Duplicate 1 ( Optimal control of freeway networks based on the Link Node Cell Transmission model . - Muralidharan, Ajith; Horowitz, Roberto )},
	number = {c},
	pages = {5769-5774},
	school = {IEEE},
	title = {Optimal control of freeway networks based on the link node cell transmission model},
	year = 2012
}

@article{Bayen2004AdjointBased,
	author = {Bayen, AM and Raffard, RL and Tomlin, CJ},
	booktitle = {American Control …},
	journal = {American Control …},
	title = {Adjoint-Based Constrained Control of Eulerian Transportation Networks : Application to Air Traffic Control †},
	url = {http://ieeexplore.ieee.org/xpls/abs\_all.jsp?arnumber=1384736},
	urldate = {16/10/13},
	year = 2004
}

@article{Monache2014PdeOde,
	author = {Delle Monache, Maria Laura and Reilly, Jack and Samaranayake, Samitha and Krichene, Walid and Goatin, Paola and Bayen, Alexandre M},
	booktitle = {SIAM Journal on Applied Mathematics},
	journal = {SIAM Journal on Applied Mathematics},
	number = 1,
	pages = {22-39},
	publisher = {SIAM},
	title = {A PDE-ODE model for a junction with ramp buffer},
	volume = 74,
	year = 2014
}

@article{Mueller2005On,
	author = {Müller, J-D and Cusdin, P},
	booktitle = {International journal for numerical methods in fluids},
	journal = {International journal for numerical methods in fluids},
	number = {8-9},
	pages = {939-945},
	publisher = {Wiley Online Library},
	title = {On the performance of discrete adjoint CFD codes using automatic differentiation},
	volume = 47,
	year = 2005
}

@article{Papageorgiou1991Alinea,
	author = {Papageorgiou, M and Hadj-Salem, H and Blosseville, J.M.},
	booktitle = {Transportation Research Record},
	journal = {Transportation Research Record},
	pages = {58-64},
	title = {ALINEA: A local feedback control law for on-ramp metering},
	url = {http://trid.trb.org/view.aspx?id=365587},
	urldate = {22/10/12},
	volume = 1320,
	year = 1991
}

@book{Garavello2006Traffic,
	author = {Garavello, M. and Piccoli, B.},
	isbn = 9781601330000,
	publisher = {American institute of mathematical sciences Springfield, MA, USA},
	title = {Traffic flow on networks},
	url = {http://www.iac.rm.cnr.it/{	extasciitilde}piccoli/book.pdf},
	urldate = {21/08/12},
	volume = 1,
	year = 2006
}
