@article{Bressan2007Optimality,
	author = {Bressan, Alberto and Shen, Wen},
	booktitle = {Contemporary Mathematics},
	journal = {Contemporary Mathematics},
	pages = {129-152},
	publisher = {Providence, RI: American Mathematical Society},
	title = {Optimality conditions for solutions to hyperbolic balance laws},
	volume = 426,
	year = 2007
}

@article{Bressan2006Hyperbolic,
	author = {Bressan, Alberto},
	title = {Hyperbolic systems of conservation laws},
	year = 2006
}

@article{Fuegenschuh2006Combinatorial,
	author = {FÃ¼genschuh, Armin and Herty, Michael and Klar, Axel and Martin, Alexander},
	booktitle = {SIAM Journal on Optimization},
	journal = {SIAM Journal on Optimization},
	keywords = {040605503,1,10,1137,35l50,90b20,ams subject classifications,combinatorial methods,doi,has been,introduction,modeling and simulation of,partial differential equations,traffic flow on highways,traffic networks},
	number = 4,
	pages = {1155-1176},
	publisher = {Society for Industrial and Applied Mathematics},
	title = {Combinatorial and continuous models for the optimization of traffic flows on networks},
	volume = 16,
	year = 2006
}

@article{Giles2010Convergencea,
	author = {Giles, Mike and Ulbrich, Stefan},
	booktitle = {SIAM Journal on Numerical Analysis},
	journal = {SIAM Journal on Numerical Analysis},
	keywords = {09078078x,1,10,1137,65m08,65m12,adjoint,ams subject classifications,conservation law,continue the analysis of,discrete approxima-,doi,hyperbolic,in this paper we,introduction,linearized,numerical analysis},
	number = 3,
	pages = {882-904},
	publisher = {SIAM},
	title = {Convergence of linearized and adjoint approximations for discontinuous solutions of conservation laws. Part 1: Linearized approximations and linearized output functionals},
	volume = 48,
	year = 2010
}

@article{Giles2010Convergence,
	author = {Giles, Mike and Ulbrich, Stefan},
	booktitle = {SIAM Journal on Numerical Analysis},
	journal = {SIAM Journal on Numerical Analysis},
	keywords = {080727464,09078078x,1,10,1137,65m08,65m12,adjoint,ams subject classifications,conservation law,continue the analysis of,discrete approxima-,doi,hyperbolic,in this paper we,introduction,linearized,numerical analysis},
	number = 3,
	pages = {905-921},
	publisher = {SIAM},
	title = {Convergence of linearized and adjoint approximations for discontinuous solutions of conservation laws. Part 2: Adjoint approximations and extensions},
	volume = 48,
	year = 2010
}

@book{Fiacco1990Nonlinear,
	author = {Fiacco, Anthony V and McCormick, Garth P},
	publisher = {Siam},
	title = {Nonlinear programming: sequential unconstrained minimization techniques},
	volume = 4,
	year = 1990
}

@article{Akiva1988Discrete,
	author = {Ben-Akiva, Moshe and Lerman, Steven R.},
	booktitle = {Transportation Research Part A General},
	journal = {Transportation Research Part A General},
	number = 1,
	pages = {71-72},
	title = {Discrete choice analysis: Theory and application to travel demand},
	volume = 22,
	year = 1988
}

@article{Ziliaskopoulos2000Linear,
	author = {Ziliaskopoulos, A. K.},
	booktitle = {Transportation science},
	journal = {Transportation science},
	keywords = {system optimum},
	number = 1,
	pages = 37,
	title = {A linear programming model for the single destination system optimum dynamic traffic assignment problem},
	volume = 34,
	year = 2000
}

@article{Reilly2013Mobile,
	author = {Reilly, Jack and Dashti, Shideh and Ervasti, Mari and Bray, Jonathan D. and Glaser, Steven D. and Bayen, Alexandre M.},
	booktitle = {IEEE Transactions on Automation Science and Engineering},
	issn = {1545-5955},
	journal = {IEEE Transactions on Automation Science and Engineering},
	keywords = {Accelerometer,Accelerometers,Earthquakes,Mobile communication,Mobile handsets,Seismic measurements,Sensors,Servers,absolute orientation,automatic data extraction,cellular network connection,crowdsourcing,data collection,data handling,data reporting mechanism,distributed sensors,earthquake,earthquake ground shaking,filtering algorithms,geophysical signal processing,geophysical techniques,high density semiquantitative approach,high fidelity seismic stations,iPhones,iPods,iShake mobile application,iShake system,microcomputers,mobile client-backend server architecture,mobile phones,mobile sensing,participatory sensing,seismic event,seismic sensing,seismograph,seismologic sensors,seismology,sensor equipped mobile devices,shaking table testing,signal processing,signal processing techniques,smart phones,sparse measurements},
	month = 4,
	number = 2,
	pages = {242-251},
	shorttitle = {Automation Science and Engineering, IEEE Transacti},
	title = {Mobile Phones as Seismologic Sensors: Automating Data Extraction for the iShake System},
	url = {http://ieeexplore.ieee.org/lpdocs/epic03/wrapper.htm?arnumber=6470715},
	urldate = {09/10/13},
	volume = 10,
	year = 2013
}

@misc{Accion20112011,
	author = {Accion},
	title = {2011 Annual Report},
	url = {http://www.accionusa.org/home/support-accion/about-accion/annual-reports--financial-information.aspx},
	year = 2011
}

@article{Yang1994Traffic,
	author = {Yang, Hai and Yagar, Sam},
	booktitle = {Transportation Research Part B: Methodological},
	issn = 01912615,
	journal = {Transportation Research Part B: Methodological},
	month = 12,
	number = 6,
	pages = {463-486},
	title = {Traffic assignment and traffic control in general freeway-arterial corridor systems},
	url = {http://linkinghub.elsevier.com/retrieve/pii/0191261594900159},
	volume = 28,
	year = 1994
}

@article{Acemoglu????Robust,
	author = {Acemoglu, G.C.K.S.D. and Frazzoli, M.A.D.E.},
	booktitle = {control.lth.se},
	journal = {control.lth.se},
	pages = {1-14},
	title = {Robust Distributed Routing in Dynamical Networks-Part II: Strong Resilience, Equilibrium Selection and Cascaded Failures},
	url = {http://www.control.lth.se/media/Staff/GiacomoComo/Robust2revised.pdf},
	urldate = {23/02/12}
}

@article{Akiva2003Evaluation,
	author = {Ben-Akiva, M. and Cuneo, D. and Hasan, M.},
	booktitle = {Transportation Research Part C: Emerging Technologies},
	journal = {Transportation Research Part C: Emerging Technologies},
	number = 1,
	pages = {29-50},
	title = {Evaluation of freeway control using a microscopic simulation laboratory},
	url = {http://www.sciencedirect.com/science/article/pii/S0968090X02000207},
	urldate = {24/09/13},
	volume = 11,
	year = 2003
}

@article{Alberto1995Variational,
	author = {Alberto, Bressan and Andrea, Marson and Bressan, Alberto and Marson, Andrea},
	booktitle = {Communications in partial differential equations},
	issn = {0360-5302},
	journal = {Communications in partial differential equations},
	month = 1,
	number = 9,
	pages = {1491-1552},
	publisher = {[New York, Marcel Dekker, inc.]},
	title = {A variational calculus for discontinuous solutions of systems of conservation laws},
	url = {http://www.tandfonline.com/doi/abs/10.1080/03605309508821142},
	volume = 20,
	year = 1995
}

@article{Allen2012Transforming,
	author = {Allen, RM},
	booktitle = {Science},
	journal = {Science},
	title = {Transforming Earthquake Detection?},
	url = {http://www.sciencemag.org/content/335/6066/297.short},
	urldate = {28/01/13},
	year = 2012
}

@misc{Alterna2013Strengthening,
	author = {Alterna},
	title = {Strengthening our community by empowering individuals},
	url = {https://www.alterna.ca/AlternaSavings/AboutUs/Governance/CorporateReports/},
	year = 2013
}

@article{Alvarez1999Traffic,
	author = {Alvarez, Luis and Horowitz, R},
	booktitle = {Control Engineering Practice},
	journal = {Control Engineering Practice},
	keywords = {automated highways,automobiles--automatic control--mathematical model,express highways--automation--,mathematical models,traffic flow--mathematical models},
	title = {Traffic flow control in automated highway systems},
	url = {http://www.sciencedirect.com/science/article/pii/S0967066199000775},
	urldate = {24/09/13},
	year = 1999
}

@inproceedings{AnastasiosKouvelas2013Arriving,
	author = {Hunter, Timothy and Hofleitner, Aude and Reilly, Jack and Krichene, Walid and Thai, Jerome and {Anastasios Kouvelas} and Abbeel, Pieter and Bayen, Alexandre},
	booktitle = {In preparation},
	journal = {In preparation},
	title = {Arriving on time : estimating travel time distributions on large-scale road networks},
	year = 2013
}

@article{Andrei2006Acceleration,
	author = {Andrei, Neculai},
	booktitle = {Numerical Algorithms},
	issn = 10171398,
	journal = {Numerical Algorithms},
	number = 1,
	pages = {63-73},
	publisher = {Springer U.S.},
	title = {An acceleration of gradient descent algorithm with backtracking for unconstrained optimization},
	url = {http://www.ingentaconnect.com/content/klu/numa/2006/00000042/00000001/00009023},
	volume = 42,
	year = 2006
}

@article{Annergren????Admm,
	author = {Annergren, Mariette and Hansson, Anders and Wahlberg, Bo},
	title = {An ADMM Algorithm for Solving 1 Regularized MPC}
}

@article{Aral2012Identifying,
	author = {Aral, Sinan and Walker, Dylan},
	booktitle = {Science},
	journal = {Science},
	number = {June},
	title = {Identifying Influential and Susceptible Members of Social Networks},
	year = 2012
}

@article{Arbor2000Adjoint,
	author = {Arbor, Ann},
	number = {September},
	pages = {909-919},
	title = {ADJOINT SENSITIVITY ANALYSIS FOR SHALLOW-WATER WAVE CONTROL},
	year = 2000
}

@article{Arias1970Measure,
	author = {Arias, A},
	booktitle = {Seismic design for nuclear power plants},
	journal = {Seismic design for nuclear power plants},
	pages = {438-483},
	publisher = {MIT Press},
	title = {A measure of earthquake intensity},
	year = 1970
}

@inproceedings{Aswani2011GameTheoretic,
	author = {Aswani, A. and Tomlin, C.},
	booktitle = {American Control Conference (ACC), 2011},
	institution = {IEEE},
	journal = {American Control Conference (ACC), 2011},
	keywords = {system optimum stackelberg traffic},
	pages = {3375-3380},
	school = {IEEE},
	title = {Game-theoretic routing of GPS-assisted vehicles for energy efficiency},
	year = 2011
}

@article{Atkinson2007Did,
	author = {Atkinson, Gail M and Wald, David J},
	booktitle = {Seismological Research Letters},
	issn = 08950695,
	journal = {Seismological Research Letters},
	number = 3,
	pages = 362,
	title = {'Did You Feel It?' Intensity Data: A Surprisingly Good Measure of Earthquake Ground Motion},
	volume = 78,
	year = 2007
}

@article{Au????O,
	author = {ÃÃ¹, Ã Ã Ã and ÃÃ², Ã Ã Ã Ã Ã Ã and ÃÃ³Ã¶Ã¸, Ã Ã Ã Ã Ã and ÃÃ¸Âº, Ã Ã Ã Ã Ã},
	title = {ÃÃ¸Ã° Ã¡Ã²Ã¸Ã¶Ã³ Ã¹ Ã¸ Ã³Ã² Ã¸Ã³ Ã  Ã Ã°Ã°}
}

@book{Audio????Table,
	author = {Audio, Understanding Core},
	booktitle = {Audio},
	isbn = 9780321636973,
	journal = {Audio},
	title = {Table of Contents Part I : Understanding Core Audio ......................................................................................... 12 Part II : Basic Audio ........................................................................................}
}

@article{Augello1998Dynamic,
	author = {Augello, A J and Bray, J D and Seed, R B and Abrahamson, N A},
	booktitle = {Journal of geotechnical and geoenvironmental engineering},
	journal = {Journal of geotechnical and geoenvironmental engineering},
	number = 3,
	title = {Dynamic properties of solid waste based on back-analysis of OII landfill},
	volume = 124,
	year = 1998
}

@article{Aw2002Derivation,
	author = {Aw, A and Klar, Axel and Rascle, Michel and Materne, Thorsten},
	booktitle = {SIAM Journal on Applied Mathematics},
	journal = {SIAM Journal on Applied Mathematics},
	number = 1,
	pages = {259-278},
	publisher = {SIAM},
	title = {Derivation of continuum traffic flow models from microscopic follow-the-leader models},
	volume = 63,
	year = 2002
}

@article{Aw2002Derivationa,
	author = {Aw, A. and Klar, A. and Rascle, M. and Materne, T.},
	booktitle = {SIAM Journal on Applied Mathematics},
	issn = {0036-1399},
	journal = {SIAM Journal on Applied Mathematics},
	keywords = {1,35l45,90b20,ams subject classifications,godunov scheme,hydrodynamic limit,introduction,microscopic and macroscopic traffic,microscopic modeling of vehicular,models,on,pii,s0036139900380955,traffic is usually based},
	month = 1,
	number = 1,
	pages = {259-278},
	title = {Derivation of Continuum Traffic Flow Models from Microscopic Follow-the-Leader Models},
	url = {http://epubs.siam.org/doi/abs/10.1137/S0036139900380955},
	volume = 63,
	year = 2002
}

@inproceedings{Azuma1999MotionStabilized,
	author = {Azuma, Ronald and Hoff, Bruce and Neely III, Howard and Sarfaty, Ron},
	booktitle = {IEEE Virtual Reality},
	journal = {IEEE Virtual Reality},
	number = {March},
	pages = {252-259},
	title = {A Motion-Stabilized Outdoor Augmented Reality System},
	volume = 99,
	year = 1999
}

@article{Babaioff2009Congestion,
	author = {Babaioff, M and Kleinberg, R and Papadimitriou, C H},
	booktitle = {Games and Economic Behavior},
	journal = {Games and Economic Behavior},
	number = 1,
	pages = {22-35},
	publisher = {Elsevier},
	title = {Congestion games with malicious players},
	volume = 67,
	year = 2009
}

@article{Baise2000Consistency,
	author = {Baise, L G and Glaser, S D},
	booktitle = {Bulletin of the Seismological Society of America},
	journal = {Bulletin of the Seismological Society of America},
	number = 4,
	pages = 993,
	title = {Consistency of ground-motion estimates made using system identification},
	volume = 90,
	year = 2000
}

@article{Banda2012Adjoint,
	author = {Banda, Mapundi K and Herty, Michael},
	booktitle = {Computational Optimization and Applications},
	journal = {Computational Optimization and Applications},
	number = 2,
	pages = {909-930},
	publisher = {Springer},
	title = {Adjoint IMEX-based schemes for control problems governed by hyperbolic conservation laws},
	volume = 51,
	year = 2012
}

@article{Banerjee2008Model,
	author = {Banerjee, O and El Ghaoui, L and D'Aspremont, A},
	booktitle = {Journal of Machine Learning Research},
	issn = 15324435,
	journal = {Journal of Machine Learning Research},
	keywords = {binary data,convex optimization,gaussian graphical model,maximum likelihood estimation,model selection},
	number = 7,
	pages = {485-516},
	publisher = {JMLR. org},
	title = {Model Selection Through Sparse Maximum Likelihood Estimation for Multivariate Gaussian or Binary Data},
	url = {http://portal.acm.org/citation.cfm?id=1390696},
	volume = 9,
	year = 2008
}

@article{Bardos2002Derivatives,
	author = {Bardos, Claude and Pironneau, Olivier},
	keywords = {burger equation,euler flow,partial differential equations,sensitivity,tran-},
	pages = {1-11},
	title = {Derivatives and Control in the Presence of Shocks},
	year = 2002
}

@misc{Base2013Bay,
	author = {BASE},
	title = {Bay Area Social Enterprise},
	year = 2013
}

@article{Bast2010Fast,
	author = {Bast, Hannah and Carlsson, Erik and Eigenwillig, Arno and Geisberger, Robert and Harrelson, Chris and Raychev, Veselin and Viger, Fabien},
	pages = {290-301},
	title = {Fast Routing in Very Large Public Transportation Networks Using Transfer Patterns},
	year = 2010
}

@article{Bayen2004AdjointBased,
	author = {Bayen, AM and Raffard, RL and Tomlin, CJ},
	booktitle = {American Control â¦},
	journal = {American Control â¦},
	title = {Adjoint-Based Constrained Control of Eulerian Transportation Networks : Application to Air Traffic Control â },
	url = {http://ieeexplore.ieee.org/xpls/abs\_all.jsp?arnumber=1384736},
	urldate = {16/10/13},
	year = 2004
}

@article{Bayen2006AdjointBased,
	author = {Bayen, A.M. and Raffard, R.L. and Tomlin, C.J.},
	booktitle = {IEEE Transactions on Control Systems Technology},
	issn = {1063-6536},
	journal = {IEEE Transactions on Control Systems Technology},
	month = 9,
	number = 5,
	pages = {804-818},
	title = {Adjoint-based control of a new eulerian network model of air traffic flow},
	url = {http://ieeexplore.ieee.org/lpdocs/epic03/wrapper.htm?arnumber=1668144},
	volume = 14,
	year = 2006
}

@article{Bayen2010Ce291F,
	author = {Bayen, Alexandre M},
	booktitle = {Environmental Engineering},
	journal = {Environmental Engineering},
	title = {CE291F - ME236 - EE291 Control and optimization of distributed parameter systems},
	year = 2010
}

@article{Bayen2010Notes,
	author = {Bayen, Alexandre M},
	title = {Notes for CE291F - ME236 - EE291},
	year = 2010
}

@techreport{Bayen2011Mobile,
	author = {Bayen, A. and Butler, J. and Patire, A.},
	title = {Mobile Millenium Technical Report},
	year = 2011
}

@inproceedings{Beaver2010Finding,
	author = {Beaver, Doug and Kumar, Sanjeev and Li, Harry C and Sobel, Jason and Vajgel, Peter},
	booktitle = {Proceedings of the 9th USENIX conference on Operating systems design and implementation},
	journal = {Proceedings of the 9th USENIX conference on Operating systems design and implementation},
	pages = {1-8},
	publisher = {USENIX Association},
	series = {OSDI'10},
	title = {Finding a needle in Haystack: facebook's photo storage},
	url = {http://dl.acm.org/citation.cfm?id=1924943.1924947},
	year = 2010
}

@article{Becker2010Exploring,
	author = {Chen-becker, Derek and Danciu, Marius and Weir, Tyler},
	booktitle = {October},
	journal = {October},
	title = {Exploring Lift},
	year = 2010
}

@techreport{Beckmann1956Studies,
	author = {Beckmann, M. and McGuire, C.B. and Winsten, C.B.},
	institution = {Published for the Cowles Commission for Research in Economics by Yale University Press},
	school = {Published for the Cowles Commission for Research in Economics by Yale University Press},
	title = {Studies in the Economics of Transportation},
	url = {http://trid.trb.org/view.aspx?id=91120},
	urldate = {18/07/12},
	year = 1956
}

@article{Bent2004TwoStage,
	author = {Bent, R. and Van Hentenryck, P.},
	booktitle = {Transportation Science},
	journal = {Transportation Science},
	number = 4,
	pages = {515-530},
	publisher = {Institute for Operations Research and the Management Sciences, Airport Square, 901 Elkridge Landing Road, Suite 400, Linthicum, MD, 21090-2908, USA},
	title = {A two-stage hybrid local search for the vehicle routing problem with time windows},
	url = {http://cs.brown.edu/research/pubs/pdfs/2004/Bent-2004-TSH.pdf},
	urldate = {04/03/12},
	volume = 38,
	year = 2004
}

@article{Berkeley1997Traffic,
	author = {Berkeley, U C and Alvarez, Luis},
	keywords = {automobiles--automatic control--mathematical model,express highways--automation--},
	title = {Traffic Flow Control in Automated Highway Systems},
	year = 1997
}

@article{Bertsekas1982Projection,
	author = {Bertsekas, D P and Gafni, E M},
	booktitle = {Nondifferential and Variational Techniques in Optimization},
	journal = {Nondifferential and Variational Techniques in Optimization},
	pages = {139-159},
	publisher = {Springer},
	title = {Projection methods for variational inequalities with application to the traffic assignment problem},
	year = 1982
}

@book{Bertsekas1989Parallel,
	author = {Bertsekas, Dimitri P and Tsitsiklis, John N},
	publisher = {Prentice-Hall, Inc.},
	title = {Parallel and distributed computation: numerical methods},
	year = 1989
}

@article{Bertsekas1999Nonlinear,
	author = {Bertsekas, Dimitri P},
	publisher = {Athena Scientific},
	title = {Nonlinear programming},
	year = 1999
}

@article{Bertsimas2009Robust,
	author = {Bertsimas, D. and Nohadani, O. and Teo, K. M.},
	booktitle = {Operations Research},
	issn = {0030-364X},
	journal = {Operations Research},
	month = 9,
	number = 1,
	pages = {161-178},
	title = {Robust Optimization for Unconstrained Simulation-Based Problems},
	url = {http://or.journal.informs.org/cgi/doi/10.1287/opre.1090.0715},
	urldate = {15/10/13},
	volume = 58,
	year = 2009
}

@article{Bewley1998Optimal,
	author = {Bewley, TR and Liu, S},
	booktitle = {Journal of Fluid Mechanics},
	journal = {Journal of Fluid Mechanics},
	pages = {305-349},
	title = {Optimal and robust control and estimation of linear paths to transition},
	url = {http://journals.cambridge.org/production/action/cjoGetFulltext?fulltextid=14258},
	urldate = {01/08/12},
	volume = 365,
	year = 1998
}

@article{Bewley2001DnsBased,
	author = {Bewley, Thomas R. and Moin, Parviz and Temam, Roger},
	booktitle = {Journal of Fluid Mechanics},
	issn = {0022-1120},
	journal = {Journal of Fluid Mechanics},
	month = 10,
	pages = {179-225},
	title = {DNS-based predictive control of turbulence: an optimal benchmark for feedback algorithms},
	url = {http://www.journals.cambridge.org/abstract\_S0022112001005821},
	urldate = {01/08/12},
	volume = 447,
	year = 2001
}

@article{Bewley????Optimal,
	author = {Thomas Bewley, Haecheon Choi, Roger Temam, Parviz Moin},
	title = {Optimal Feedback Control of Turbulent Channel Flow},
	url = {http://citeseer.uark.edu:8080/citeseerx/viewdoc/summary?doi=10.1.1.29.2583},
	urldate = {24/09/13}
}

@article{Biegler2005Line,
	author = {Biegler, Lorenz T and Achter, Andreas W},
	keywords = {10,1137,49m37,65k05,90c30,90c51,90c55,ams subject classifications,barrier method,doi,filter method,global convergence,interior point method,line,nonconvex constrained optimization,nonlinear programming,s1052623403426556,search,sequential quadratic programming},
	number = 1,
	pages = {1-31},
	title = {Line search filter methods for nonlinear programming: motivation and global convergence},
	volume = 16,
	year = 2005
}

@techreport{Black1963Passive,
	author = {Black, H D},
	institution = {DTIC Document},
	school = {DTIC Document},
	title = {A passive system for determining the attitude of a satellite},
	year = 1963
}

@article{Blanchard2013Shape,
	author = {Blanchard, Louis and Duvigneau, RÃ©gis and Vuong, Anh-Vu and Simeon, Bernd},
	booktitle = {Journal of Optimization Theory and Applications},
	isbn = 1095701304,
	issn = {0022-3239},
	journal = {Journal of Optimization Theory and Applications},
	keywords = {linear elasticity,sensitivity analysis},
	month = 9,
	pages = {1-7},
	publisher = {Springer},
	title = {Shape Gradient for Isogeometric Structural Design},
	url = {http://link.springer.com/10.1007/s10957-013-0435-0},
	urldate = {15/10/13},
	year = 2013
}

@article{Blandin2010Boundary,
	author = {Blandin, SÃ©bastien and Litrico, Xavier and Bayen, Alexandre},
	booktitle = {Shock},
	isbn = 9781424477463,
	journal = {Shock},
	pages = {1705-1712},
	title = {Boundary stabilization of the inviscid Burgers equation using a Lyapunov method},
	year = 2010
}

@article{Blandin2010General,
	annote = {From Duplicate 2 ( A general phase transition model for vehicular traffic - Blandin, S; Work, D; Goatin, P; Piccoli, B; Bayen, A )},
	author = {Blandin, S and Work, D and Goatin, P and Piccoli, B and Bayen, A},
	booktitle = {SIAM Journal on Applied Mathematics},
	journal = {SIAM Journal on Applied Mathematics},
	keywords = {1,35f25,35l65,65m12,76t99,90b20,ams subject classifications,first order scalar models,highway traffic flow model,hydrodynamic mod-,hyperbolic systems of conservation,introduction,laws,macroscopic,numerical scheme,of traffic,partial differential equations,phase transition,riemann solver},
	note = {From Duplicate 2 ( A general phase transition model for vehicular traffic - Blandin, S; Work, D; Goatin, P; Piccoli, B; Bayen, A )},
	title = {A general phase transition model for vehicular traffic},
	year = 2010
}

@article{Boehm1998Model,
	author = {BÃ¶hm, Michael and Demetriou, M. a. and Reich, Simeon and Rosen, I. G.},
	booktitle = {SIAM Journal on Control and Optimization},
	issn = {0363-0129},
	journal = {SIAM Journal on Control and Optimization},
	keywords = {47h15,65j15,93b40,93c20,93c25,93c40,ams subject classifications,distributed parameter systems,finite-dimensional approximation,infinite-dimensional systems,model reference adaptive control,parameter convergence,persistence of excitation,pii,s0363012995279717},
	month = 1,
	number = 1,
	pages = {33-81},
	title = {Model Reference Adaptive Control of Distributed Parameter Systems},
	url = {http://epubs.siam.org/doi/abs/10.1137/S0363012995279717},
	volume = 36,
	year = 1998
}

@article{Bonifaci2010Stackelberg,
	author = {Bonifaci, V and Harks, T and SchÃ¤fer, G},
	booktitle = {Mathematics of Operations Research},
	journal = {Mathematics of Operations Research},
	number = 2,
	pages = {330-346},
	publisher = {INFORMS},
	title = {Stackelberg routing in arbitrary networks},
	volume = 35,
	year = 2010
}

@article{Boore2005Processing,
	author = {Boore, D M and Bommer, J J},
	booktitle = {Soil Dynamics and Earthquake Engineering},
	journal = {Soil Dynamics and Earthquake Engineering},
	number = 2,
	pages = {93-115},
	publisher = {Elsevier},
	title = {Processing of strong-motion accelerograms: needs, options and consequences},
	volume = 25,
	year = 2005
}

@article{Borrelli2012Constrained,
	author = {Borrelli, F and Bemporad, A and Morari, M},
	title = {Constrained optimal control and predictive control for linear and hybrid systems},
	year = 2012
}

@article{Boskovich2010Developmental,
	author = {Boskovich, Scott and Boriboonsomsin, Kanok and Barth, Matthew and Member, Senior},
	booktitle = {Environmental Research},
	isbn = 9781424476589,
	journal = {Environmental Research},
	keywords = {congestion caused by a,different location,distributed routing plans,multi agent systems,similar greedy routing algorithms,simply moved to a,traffic incident is often,v2v,vanet,vehicle-to-vehicle communication},
	title = {A Developmental Framework towards Dynamic Incident Rerouting using Vehicle-to-Vehicle Communication and Multi-Agent Systems},
	year = 2010
}

@article{Bossu2011Citizen,
	author = {Bossu, R and Gilles, S and Mazet-Roux, G and Roussel, F},
	booktitle = {Comparative Emergency Management: Examining Global and Regional Responses to Disasters},
	journal = {Comparative Emergency Management: Examining Global and Regional Responses to Disasters},
	pages = 237,
	publisher = {CRC},
	title = {Citizen Seismology: How to involve the Public in earthquake Response},
	year = 2011
}

@article{Bouchut1998OneDimensional,
	author = {Bouchut, FranÃ§ois and James, FranÃ§ois},
	booktitle = {Nonlinear Analysis: Theory, Methods \& Applications},
	journal = {Nonlinear Analysis: Theory, Methods \& Applications},
	keywords = {1,and phrases,by a discontinuous function,discontinuous coefficients,duality,i n t r,linear transport equations,nonnegative solutions,o d u c,product of a measure,t i o n,this paper is devoted,to one-dimensional homogeneous linear,transport equations,weak stability},
	number = 7,
	pages = {891-933},
	publisher = {Pergamon},
	title = {One-dimensional transport equations with discontinuous coefficients},
	volume = 32,
	year = 1998
}

@book{Boyd2004Convex,
	address = {New York, NY, USA},
	author = {Boyd, Stephen and Vandenberghe, Lieven},
	isbn = 0521833787,
	publisher = {Cambridge University Press},
	title = {Convex Optimization},
	year = 2004
}

@book{Boyd2004Convexa,
	author = {Boyd, S.P. and Vandenberghe, L.},
	publisher = {Cambridge Univ Pr},
	title = {Convex Optimization},
	year = 2004
}

@book{Boyd2010Convex,
	author = {Boyd, S. and Vandenberghe, L.},
	booktitle = {Optimization Methods and Software},
	chapter = {1,10,11},
	isbn = 9780521833783,
	issn = 10556788,
	journal = {Optimization Methods and Software},
	number = 3,
	publisher = {Cambridge University Press},
	title = {Convex Optimization},
	url = {http://www.informaworld.com/openurl?genre=article\&doi=10.1080/10556781003625177\&magic=crossref},
	volume = 25,
	year = 2010
}

@article{Boyd2010Distributed,
	annote = {From Duplicate 1 ( Distributed Optimization and Statistical Learning via the Alternating Direction Method of Multipliers - Boyd, Stephen; Parikh, Neal; Chu, Eric; Peleato, Borja; Eckstein, Jonathan )},
	author = {Boyd, Stephen and Parikh, Neal and Chu, Eric and Peleato, Borja and Eckstein, Jonathan},
	booktitle = {Foundations and TrendsÂ® in Machine Learning},
	issn = {1935-8237},
	journal = {Foundations and TrendsÂ® in Machine Learning},
	note = {From Duplicate 1 ( Distributed Optimization and Statistical Learning via the Alternating Direction Method of Multipliers - Boyd, Stephen; Parikh, Neal; Chu, Eric; Peleato, Borja; Eckstein, Jonathan )},
	number = 1,
	pages = {1-122},
	title = {Distributed Optimization and Statistical Learning via the Alternating Direction Method of Multipliers},
	url = {http://www.nowpublishers.com/product.aspx?product=MAL\&doi=2200000016},
	urldate = {05/03/12},
	volume = 3,
	year = 2010
}

@inproceedings{Boyen1998Tractable,
	author = {Boyen, Xavier and Koller, Daphne},
	booktitle = {Proceedings of the 14th Conference on Uncertainty in Artificial Intelligence---UAI 1998},
	journal = {Proceedings of the 14th Conference on Uncertainty in Artificial Intelligence---UAI 1998},
	pages = {33-42},
	title = {Tractable Inference for Complex Stochastic Processes},
	year = 1998
}

@article{Bradley2010Adjoint,
	author = {Bradley, Andrew M},
	number = 2,
	title = {The adjoint method PDE-constrained optimization problems},
	year = 2010
}

@article{Bressan1997ShiftDifferentiability,
	author = {Bressan, Alberto and Guerra, Graziano},
	booktitle = {Discrete Contin. Dynam. Systems},
	issn = {1078-0947},
	journal = {Discrete Contin. Dynam. Systems},
	number = 1,
	pages = {35-58},
	title = {Shift-differentiability of the flow generated by a conservation law},
	volume = 3,
	year = 1997
}

@article{Bressan2000WellPosedness,
	author = {Bressan, Alberto and Crasta, Graziano and Piccoli, Benedetto},
	booktitle = {Memoirs of the American Mathematical Society},
	issn = {0065-9266},
	journal = {Memoirs of the American Mathematical Society},
	number = 694,
	title = {Well-posedness of the Cauchy problem for n Ã n systems of conservation laws},
	url = {http://www.ams.org/memo/0694},
	volume = 146,
	year = 2000
}

@techreport{Brunnermeier1999Interoperability,
	author = {Brunnermeier, S.B. and Martin, S.A.},
	institution = {DIANE Publishing},
	school = {DIANE Publishing},
	title = {Interoperability cost analysis of the US automotive supply chain: Final report},
	url = {http://books.google.com/books?hl=en\&lr=\&id=0lPD3KnvtTgC\&oi=fnd\&pg=PA1\&dq=supply+chain+pde+control\&ots=LLt3-fYpW\_\&sig=XnT97w2VfLW58Cc9UysBVCSwNPg},
	urldate = {27/09/13},
	year = 1999
}

@inproceedings{Burke2006Participatory,
	author = {Burke, J and Estrin, D and Hansen, M and Parker, A and Ramanathan, N and Reddy, S and Srivastava, M B},
	booktitle = {World Sensor Web Workshop},
	institution = {Citeseer},
	journal = {World Sensor Web Workshop},
	pages = {1-5},
	school = {Citeseer},
	title = {Participatory sensing},
	year = 2006
}

@article{Calafiore2008Robust,
	author = {Calafiore, G and El Ghaoui, L},
	title = {Robust Dynamic Traffic Assignment under Demand and Capacity Uncertainty},
	year = 2008
}

@article{Candes2009Exact,
	author = {CandÃ¨s, Emmanuel and Recht, Benjamin},
	booktitle = {Foundations of Computational Mathematics},
	issn = {1615-3375},
	journal = {Foundations of Computational Mathematics},
	number = 6,
	pages = {717-772},
	publisher = {Springer New York},
	title = {Exact Matrix Completion via Convex Optimization},
	url = {http://dx.doi.org/10.1007/s10208-009-9045-5},
	volume = 9,
	year = 2009
}

@article{Candes2009Robust,
	author = {Candes, Emmanuel J and Li, Xiaodong and Ma, Yi and Wright, John},
	booktitle = {Journal of the ACM},
	institution = {Department of Statistics, Stanford University},
	journal = {Journal of the ACM},
	number = 3,
	pages = {1-37},
	publisher = {ACM Request Permissions},
	school = {Department of Statistics, Stanford University},
	title = {Robust Principal Component Analysis?},
	url = {http://arxiv.org/abs/0912.3599},
	volume = 58,
	year = 2009
}

@article{Candes2010Matrix,
	author = {Candes, E J and Plan, Y},
	booktitle = {Proceedings of the IEEE},
	issn = {0018-9219},
	journal = {Proceedings of the IEEE},
	keywords = {compressed sensing;convex optimization problem;dat},
	month = 6,
	number = 6,
	pages = {925-936},
	title = {Matrix Completion With Noise},
	volume = 98,
	year = 2010
}

@article{Candes2011Robust,
	address = {New York, NY, USA},
	author = {CandÃ¨s, Emmanuel J and Li, Xiaodong and Ma, Yi and Wright, John},
	booktitle = {J. ACM},
	issn = {0004-5411},
	journal = {J. ACM},
	keywords = { Principal components, duality, low-rank matrices, nuclear-norm minimization, robustness vis-a-vis outliers, sparsity, video surveillance,\&ell;{	extless}sub{	extgreater}1{	extless}/sub{	extgreater}-norm minimization},
	month = 6,
	number = 3,
	pages = {11:1--11:37},
	publisher = {ACM},
	title = {Robust principal component analysis?},
	url = {http://doi.acm.org/10.1145/1970392.1970395},
	volume = 58,
	year = 2011
}

@article{Cascetta1988Unified,
	author = {Cascetta, Ennio and Nguyen, S},
	booktitle = {Transportation Research Part B: Methodological},
	journal = {Transportation Research Part B: Methodological},
	number = {V},
	title = {A unified framework for estimating or updating origin/destination matrices from traffic counts},
	url = {http://www.sciencedirect.com/science/article/pii/0191261588900240},
	urldate = {01/11/13},
	volume = 228,
	year = 1988
}

@incollection{Castaings2006Automatic,
	author = {Castaings, W. and Dartus, D. and Honnorat, M. and Dimet, F.L. and Loukili, Y. and Monnier, D.},
	booktitle = {Automatic Differentiation: Applications, Theory, and Implementations},
	journal = {Automatic Differentiation: Applications, Theory, and Implementations},
	pages = {249-262},
	publisher = {Springer},
	title = {Automatic differentiation: a tool for variational data assimilation and adjoint sensitivity analysis for flood modeling},
	url = {http://link.springer.com/chapter/10.1007/3-540-28438-9\_22},
	urldate = {16/10/13},
	volume = 50,
	year = 2006
}

@misc{Castrataro2011Social,
	author = {Castrataro, D.},
	title = {A Social History of Crowdfunding},
	year = 2011
}

@article{Chang2008Bigtable,
	author = {Chang, F and Dean, Jeffrey and Ghemawat, Sanjay and Hsieh, WC},
	booktitle = {ACM Transactions on},
	journal = {ACM Transactions on},
	number = 2,
	title = {Bigtable: A distributed storage system for structured data},
	url = {http://dl.acm.org/citation.cfm?id=1365816},
	urldate = {10/04/12},
	volume = 26,
	year = 2008
}

@techreport{Chen1997Development,
	author = {Chen, OJ and Hotz, AF and Ben-Akiva, ME},
	title = {Development and evaluation of a dynamic ramp metering control model},
	url = {http://trid.trb.org/view.aspx?id=505822},
	urldate = {24/09/13},
	year = 1997
}

@article{Chen2001Freeway,
	author = {Chen, Chao and Petty, Karl and Skabardonis, Alexander and Varaiya, Pravin and Jia, Zhanfeng},
	booktitle = {Transportation Research Record: Journal of the Transportation Research Board},
	journal = {Transportation Research Record: Journal of the Transportation Research Board},
	number = 1,
	pages = {96-102},
	publisher = {Trans Res Board},
	title = {Freeway performance measurement system: mining loop detector data},
	volume = 1748,
	year = 2001
}

@article{Chen2003Freeway,
	author = {Chen, C},
	title = {Freeway performance measurement system (pems)},
	url = {http://escholarship.org/uc/item/6j93p90t.pdf},
	urldate = {04/10/13},
	year = 2003
}

@article{Chen2005Settling,
	author = {Chen, Xi},
	booktitle = {City},
	journal = {City},
	number = 140,
	pages = {1-14},
	title = {Settling the Complexity of 2-Player},
	volume = 140,
	year = 2005
}

@article{Chen2010On,
	author = {Chen, Lihua and Ye, Yinyu and Zhang, Jiawei},
	booktitle = {Journal of Computational Mathematics},
	issn = 02549409,
	journal = {Journal of Computational Mathematics},
	pages = {1-10},
	publisher = {Citeseer},
	title = {On Equilibrium Pricing as Convex Optimization},
	url = {http://citeseerx.ist.psu.edu/viewdoc/download?doi=10.1.1.126.7773\&amp;rep=rep1\&amp;type=pdf http://www.global-sci.org/jcm/galley/yeyinyu.pdf},
	volume = 28,
	year = 2010
}

@article{Chien1997Traffic,
	author = {Chien, C.C. and Zhang, Y. and Ioannou, P.A.},
	booktitle = {Automatica},
	journal = {Automatica},
	number = 7,
	pages = {1273-1285},
	publisher = {Elsevier},
	title = {Traffic Density Control for Automated Highway Systems},
	url = {http://www.sciencedirect.com/science/article/pii/S0005109897000502},
	urldate = {23/02/12},
	volume = 33,
	year = 1997
}

@article{Chiu2010Primer,
	author = {Chiu, Yi-Chang and Bottom, Jon and Mahut, Michael and Paz, Alex and Balakrishna, Ramachandran and Waller, Travis and Hicks, Jim},
	booktitle = {Transportation Research},
	institution = {Transportation Research Board},
	issn = 03611981,
	journal = {Transportation Research},
	number = {E-C153},
	pages = {110-116},
	school = {Transportation Research Board},
	title = {A Primer for Dynamic Traffic Assignment},
	url = {http://www.fsutmsonline.net/images/uploads/mtf-files/dta\_primer.pdf},
	volume = 1994,
	year = 2010
}

@article{Cho2011Comparative,
	author = {Cho, Seokheon and Zhu, John and Chockalingam, Ganz and Cruz, Rene},
	number = {November},
	title = {Comparative Analysis Report of Ramp Metering Algorithms},
	year = 2011
}

@article{Claudel2008Guaranteed,
	author = {Claudel, C.G. and Bayen, A.M.},
	booktitle = {Allerton Conference on Communication, Control, and Computing},
	journal = {Allerton Conference on Communication, Control, and Computing},
	pages = {636--645},
	title = {Guaranteed bounds for traffic flow parameters estimation using mixed lagrangian-eulerian sensing},
	url = {http://ieeexplore.ieee.org/xpls/abs\_all.jsp?arnumber=4797618},
	urldate = {18/07/12},
	year = 2008
}

@article{Claudel2008Highway,
	author = {Claudel, Christian and Hofleitner, Aude and Mignerey, Nicolas and Bayen, Alexandre},
	booktitle = {88th Transportation Research Board},
	journal = {88th Transportation Research Board},
	title = {Highway traffic flow estimation using mixed Eulerian and Lagrangian data},
	url = {http://www.eecs.berkeley.edu/{	extasciitilde}aude/papers/TRB\_2009.pdf},
	year = 2008
}

@inproceedings{Claudel2009Guaranteed,
	author = {Claudel, Christian G and Hofleitner, Aude and Mignerey, Nicolas and Bayen, Alexandre M},
	booktitle = {Electrical Engineering},
	institution = {NASA},
	journal = {Electrical Engineering},
	number = {NASA-CR-177577},
	pages = {18p},
	school = {NASA},
	title = {Guaranteed bounds on highway travel times using probe and fixed data},
	url = {http://www.ce.berkeley.edu/{	extasciitilde}bayen/conferences/trb09a.pdf},
	year = 2009
}

@article{Cochran2009Novel,
	annote = {From Duplicate 1 ( A novel strong-motion seismic network for community participation in earthquake monitoring - Cochran, E; Lawrence, J; Christensen, C; Chung, A ) And Duplicate 3 ( A novel strong-motion seismic network for community participation in earthquake monitoring - Cochran, E; Lawrence, J; Christensen, C; Chung, A ) \url\{http://qcn.stanford.edu},
	author = {Cochran, E and Lawrence, J and Christensen, C and Chung, A},
	booktitle = {Instrumentation \& Measurement Magazine, IEEE},
	journal = {Instrumentation \& Measurement Magazine, IEEE},
	note = {From Duplicate 1 ( A novel strong-motion seismic network for community participation in earthquake monitoring - Cochran, E; Lawrence, J; Christensen, C; Chung, A ) And Duplicate 3 ( A novel strong-motion seismic network for community participation in earthquake monitoring - Cochran, E; Lawrence, J; Christensen, C; Chung, A ) \url\{http://qcn.stanford.edu},
	number = 6,
	pages = {8-15},
	publisher = {IEEE},
	title = {A novel strong-motion seismic network for community participation in earthquake monitoring},
	volume = 12,
	year = 2009
}

@article{Coclite2002Traffic,
	author = {Coclite, G.M. and Piccoli, Benedetto},
	booktitle = {Arxiv preprint math/0202146},
	journal = {Arxiv preprint math/0202146},
	keywords = {13,2002,a,i,m,ref,s,scalar conservation laws,traffic flow},
	title = {Traffic Flow on a Road Network},
	url = {http://arxiv.org/abs/math/0202146},
	urldate = {23/02/12},
	year = 2002
}

@misc{Cohen1990Paradox,
	author = {Cohen, Joel E and Kelly, Frank P},
	booktitle = {Journal of Applied Probability},
	issn = 00219002,
	journal = {Journal of Applied Probability},
	number = 3,
	pages = 730,
	title = {A Paradox of Congestion in a Queuing Network},
	url = {http://www.jstor.org/stable/3214558?origin=crossref},
	volume = 27,
	year = 1990
}

@article{Colburn2011State,
	author = {Colburn, C. H. and Cessna, J. B. and Bewley, T. R.},
	booktitle = {Journal of Fluid Mechanics},
	issn = {0022-1120},
	journal = {Journal of Fluid Mechanics},
	keywords = {control theory,turbulence control},
	month = 8,
	pages = {289-303},
	title = {State estimation in wall-bounded flow systems. Part 3. The ensemble Kalman filter},
	url = {http://www.journals.cambridge.org/abstract\_S0022112011002229},
	urldate = {04/04/13},
	volume = 682,
	year = 2011
}

@article{Cole2006How,
	author = {Cole, R and Dodis, Y and Roughgarden, T},
	booktitle = {Journal of Computer and System Sciences},
	isbn = {158113679X},
	issn = 00220000,
	journal = {Journal of Computer and System Sciences},
	month = 5,
	number = 3,
	pages = {444-467},
	publisher = {ACM Press},
	title = {How much can taxes help selfish routing?â},
	url = {http://linkinghub.elsevier.com/retrieve/pii/S0022000005001121},
	urldate = {13/12/11},
	volume = 72,
	year = 2006
}

@article{Como2011Robust,
	author = {Como, G and Savla, K and Acemoglu, D and Dahleh, M A and Frazzoli, E},
	booktitle = {Arxiv preprint arXiv:1103.4893},
	journal = {Arxiv preprint arXiv:1103.4893},
	title = {Robust Distributed Routing in Dynamical Flow Networks-Part II: Strong Resilience, Equilibrium Selection and Cascaded Failures},
	year = 2011
}

@article{Como????Robust,
	author = {Como, Giacomo and Acemoglu, Daron},
	booktitle = {Network},
	journal = {Network},
	pages = {1-15},
	title = {Robust Distributed Routing in Dynamical Networks - Part I : Locally Responsive Policies and Weak Resilience}
}

@article{Como????Stability,
	author = {Como, Giacomo and Savla, Ketan and Acemoglu, Daron and Frazzoli, Emilio and Dahleh, Munther A},
	keywords = {1,a rigorous understanding of,as transportation demand is,dramatically approaching its in-,dynamics,evolutionary game,frastructure capacity,introduction,macro-,multiscale decisions,route choice behavior,the relationship between the,traffic flows,transportation networks,wardrop equilibrium},
	pages = {1-21},
	title = {Stability analysis of transportation networks with multiscale driver decisions â}
}

@article{Corbett2012Spanner,
	author = {Corbett, James C and Dean, Jeffrey and Epstein, Michael and Fikes, Andrew and Frost, Christopher and Furman, J J and Ghemawat, Sanjay and Gubarev, Andrey and Heiser, Christopher and Hochschild, Peter and Hsieh, Wilson and Kanthak, Sebastian and Kogan, Eugene and Li, Hongyi and Lloyd, Alexander and Melnik, Sergey and Mwaura, David and Nagle, David and Quinlan, Sean and Rao, Rajesh and Rolig, Lindsay and Saito, Yasushi and Szymaniak, Michal and Taylor, Christopher and Wang, Ruth and Woodford, Dale},
	pages = {1-14},
	title = {Spanner : Google â s Globally-Distributed Database},
	year = 2012
}

@book{Cormen1947Introduction,
	author = {Cormen, Thomas H.},
	booktitle = {Synthese},
	isbn = 9780262033848,
	journal = {Synthese},
	number = {3-4},
	pages = {122-127},
	title = {Introduction to Algorithms},
	volume = 6,
	year = 1947
}

@article{Coron2007Strict,
	author = {Coron, Jean-michel and Bastin, Georges and AndrÃ©a-novel, Brigitte},
	number = 1,
	pages = {2-11},
	title = {A Strict Lyapunov Function for Boundary Control of Hyperbolic Systems of Conservation Laws},
	volume = 52,
	year = 2007
}

@article{Coron2013Local,
	author = {Coron, Jean-Michel and Vazquez, Rafael and Krstic, Miroslav and Bastin, Georges},
	booktitle = {SIAM Journal on Control and Optimization},
	isbn = 9781612847993,
	issn = 07431546,
	journal = {SIAM Journal on Control and Optimization},
	keywords = {10,1137,120875739,35f25,35f30,93d20,93d30,ams subject classifications,backstepping,boundary conditions,distributed parameter systems,doi,goursat problem,integral equation,lyapunov function,lyapunov methods,method of characteristics,nonlinear hyperbolic systems,nonlinear systems,stability},
	number = 3,
	pages = {2005-2035},
	title = {Local Exponential H 2 Stabilization of a 2 X 2 Quasilinear Hyperbolic System Using Backstepping},
	url = {http://ieeexplore.ieee.org/xpls/abs\_all.jsp?arnumber=6161075},
	urldate = {09/10/13},
	volume = 51,
	year = 2013
}

@article{Corp2011Parallel,
	author = {Corp, Technology and Field, Moffett},
	pages = {1-26},
	title = {Parallel Adjoint Framework for Aerodynamic Shape Optimization of Component-Based Geometry},
	year = 2011
}

@misc{Crowdcube2013Infographic,
	author = {CrowdCube},
	title = {Infographic},
	year = 2013
}

@article{Daganzo1977On,
	author = {Daganzo, C.F.},
	booktitle = {Transportation Research},
	journal = {Transportation Research},
	number = 6,
	pages = {433-437},
	publisher = {Elsevier},
	title = {On the traffic assignment problem with flow dependent costs},
	url = {http://www.sciencedirect.com/science/article/pii/0041164777900090},
	urldate = {23/02/12},
	volume = 11,
	year = 1977
}

@article{Daganzo1994Cell,
	author = {Daganzo, C. F.},
	booktitle = {Transportation Research Part B: Methodological},
	journal = {Transportation Research Part B: Methodological},
	keywords = {traffic flow theory fundamental diagram},
	number = 4,
	pages = {269-287},
	publisher = {Elsevier},
	title = {The cell transmission model: A dynamic representation of highway traffic consistent with the hydrodynamic theory},
	volume = 28,
	year = 1994
}

@article{Daganzo1995Cell,
	author = {Daganzo, C. F.},
	booktitle = {Transportation Research Part B: Methodological},
	journal = {Transportation Research Part B: Methodological},
	keywords = {traffic flow theory fundamental diagram},
	number = 2,
	pages = {79-93},
	publisher = {Elsevier},
	title = {The cell transmission model, part II: network traffic},
	volume = 29,
	year = 1995
}

@article{Daganzo1995Pareto,
	author = {Daganzo, Carlos F},
	booktitle = {Science},
	journal = {Science},
	number = 2,
	pages = {139-154},
	title = {A PARETO OPTIMUM CONGESTION SCHEME},
	volume = 29,
	year = 1995
}

@article{Daganzo2002Ten,
	author = {Daganzo, Carlos F and Laval, Jorge and MuÃ±oz, Juan Carlos},
	booktitle = {Strategies},
	journal = {Strategies},
	title = {TEN STRATEGIES FOR FREEWAY CONGESTION MITIGATION},
	year = 2002
}

@inproceedings{Dashti2010Ishake,
	author = {Dashti, S and Reilly, J and Bray, J D and Bayen, A M and Glaser, S D and Mari, E},
	booktitle = {AGU Fall Meeting Abstracts},
	journal = {AGU Fall Meeting Abstracts},
	pages = 2,
	title = {iShake: Mobile Phones as Seismic Sensors},
	volume = 1,
	year = 2010
}

@article{Dashti2013Ishake,
	author = {Dashti, S and Bray, JD and Reilly, J and Glaser, S and Bayen, A},
	booktitle = {Earthquake Spectra Journal, to appear},
	journal = {Earthquake Spectra Journal, to appear},
	title = {iShake: Evaluating the reliability of mobile phones as seismic monitoring instruments},
	url = {http://scholar.google.com/scholar?hl=en\&q=Evaluating+the+Reliability+of+Mobile+Phones+as+Seismic+Monitoring+Instruments\&btnG=\&as\_sdt=1,5\&as\_sdtp=\#0},
	urldate = {08/05/13},
	year = 2013
}

@article{Dashti????Ishake,
	author = {Dashti, S and Bray, J.D. and Reilly, J. and Glaser, S. and Bayen, A.},
	keywords = {seismic sensor,shake map,shake table testing,shaking intensity,smart phone},
	pages = {1-10},
	title = {iShake : The Reliability of Phones as Seismic Sensors}
}

@article{Daskalakis2008Complexity,
	author = {Daskalakis, Constantinos},
	booktitle = {Techniques},
	journal = {Techniques},
	keywords = {0121555 and ccf-0515259 and,a grant from microsoft,berkeley,complexity,computer science division,costis,cs,edu,email,game theory,itr grants ccr-,nash equilibrium,ppad-completeness,research,research supported by nsf,university of california at},
	title = {The Complexity of Computing a Nash Equilibrium},
	year = 2008
}

@article{Dean2008Mapreduce,
	author = {Dean, Jeffrey},
	booktitle = {Communications of the ACM},
	journal = {Communications of the ACM},
	pages = {1-13},
	title = {MapReduce: Simplified data processing on large clusters},
	url = {http://dl.acm.org/citation.cfm?id=1327492},
	urldate = {10/04/12},
	year = 2008
}

@article{Dervisoglu2011Model,
	author = {Dervisoglu, Gunes and Horowitz, Roberto},
	booktitle = {ASME 2011 Dynamic Systems and Control Conference and Bath/ASME Symposium on Fluid Power and Motion Control, Volume 1},
	isbn = {978-0-7918-5475-4},
	journal = {ASME 2011 Dynamic Systems and Control Conference and Bath/ASME Symposium on Fluid Power and Motion Control, Volume 1},
	pages = {425-432},
	publisher = {Asme},
	title = {Model Based Fault Detection of Freeway Traffic Sensors},
	url = {http://link.aip.org/link/ASMECP/v2011/i54754/p425/s1\&Agg=doi},
	year = 2011
}

@misc{Dishman2012Pebble,
	author = {Dishman, L.},
	title = {Pebble Killed It On Kickstarter. Now What?},
	year = 2012
}

@article{Doan2012On,
	author = {Doan, Kien and Ukkusuri, Satish V.},
	booktitle = {Transportation Research Part B: Methodological},
	issn = 01912615,
	journal = {Transportation Research Part B: Methodological},
	keywords = {dynamic traffic assignment},
	month = 11,
	number = 9,
	pages = {1218-1238},
	publisher = {Elsevier Ltd},
	title = {On the holding-back problem in the cell transmission based dynamic traffic assignment models},
	url = {http://linkinghub.elsevier.com/retrieve/pii/S0191261512000732},
	urldate = {22/01/13},
	volume = 46,
	year = 2012
}

@article{Doe????Continuous,
	author = {Doe, John},
	title = {Continuous Model for Mainline Freeways with Ramp Buffers}
}

@book{Donnell????Discrete,
	author = {Donnell, John O and Hall, Cordelia},
	booktitle = {Discrete Mathematics},
	isbn = 9781846282416,
	journal = {Discrete Mathematics},
	title = {Discrete Mathematics Using a Computer}
}

@inproceedings{Donner2007Partial,
	author = {Donner, Reik and Hofleitner, Aude and HÃ¶fener, J and LÃ¤mmer, S and Helbing, Dirk},
	booktitle = {Proc 3rd Int Conf Physics and Control PhysCon 2007},
	journal = {Proc 3rd Int Conf Physics and Control PhysCon 2007},
	publisher = {SIAM},
	title = {Partial Differential Equations: Modeling, Analysis, Computation},
	url = {http://lib.physcon.ru/download/p1196.pdf},
	volume = 1188,
	year = 2007
}

@techreport{Donoghue2012Splitting,
	author = {O'Donoghue, B and Stathopoulos, Giorgos and Boyd, Stephen},
	booktitle = {IEEE},
	journal = {IEEE},
	pages = {1-28},
	title = {A splitting method for optimal control},
	url = {http://ieeexplore.ieee.org/xpls/abs\_all.jsp?arnumber=6422363},
	urldate = {05/11/13},
	year = 2012
}

@inproceedings{Droge2011Adaptive,
	author = {Droge, Greg and Egerstedt, Magnus},
	booktitle = {American Control Conference (ACC)},
	institution = {IEEE},
	journal = {American Control Conference (ACC)},
	pages = {1843-1848},
	school = {IEEE},
	title = {Adaptive time horizon optimization in model predictive control},
	url = {http://ieeexplore.ieee.org/xpls/abs\_all.jsp?arnumber=5990855},
	urldate = {28/10/13},
	year = 2011
}

@inproceedings{Duchi2008Projected,
	author = {Duchi, J and Gould, S and Koller, D},
	booktitle = {Proceedings of the Twenty-fourth Conference on Uncertainty in AI (UAI)},
	journal = {Proceedings of the Twenty-fourth Conference on Uncertainty in AI (UAI)},
	title = {Projected Subgradient Methods for Learning Sparse Gaussians},
	year = 2008
}

@article{Duffy2009Introduction,
	author = {Duffy, AC},
	title = {An Introduction to Gradient Computation by the Discrete Adjoint Method},
	url = {http://computationalmathematics.org/topics/files/adjointtechreport.pdf},
	urldate = {22/08/12},
	year = 2009
}

@misc{Eadie????IosNtp,
	author = {Eadie, Gavin},
	title = {ios-ntp}
}

@book{Editors????No,
	author = {Editors, Series and Board, Advisory},
	isbn = 9780817632502,
	title = {No Title}
}

@inproceedings{Eriksson2008Pothole,
	author = {Eriksson, J and Girod, L and Hull, B and Newton, R and Madden, S and Balakrishnan, H},
	booktitle = {ACM MobiSys},
	journal = {ACM MobiSys},
	title = {The pothole patrol: using a mobile sensor network for road surface monitoring},
	year = 2008
}

@article{Ervasti2011Ishake,
	author = {Ervasti, M. and Dashti, S. and Reilly, J. and Bray, J.D. and Bayen, A. and Glaser, S.},
	booktitle = {Proceedings of the 10th International Conference on Mobile and Ubiquitous Multimedia},
	journal = {Proceedings of the 10th International Conference on Mobile and Ubiquitous Multimedia},
	pages = {43--52},
	title = {iShake: mobile phones as seismic sensors--user study findings},
	url = {http://dl.acm.org/citation.cfm?id=2107601},
	urldate = {01/07/12},
	volume = 28,
	year = 2011
}

@article{Ervasti????Ishake,
	author = {Ervasti, M and Dashti, S and Reilly, J and Bray, J and Glaser, S and Bay},
	title = {iShake: Mobile Phones as Seismic Sensors ? User Study Findings}
}

@misc{Estrin2009Mobile,
	author = {Estrin, D},
	title = {Mobile Sensing Systems: from ecosystems to human systems},
	year = 2009
}

@article{Etudes1985On,
	author = {Etudes, Hautes},
	booktitle = {Networks},
	journal = {Networks},
	pages = {295-308},
	title = {On the relationship between Nash-Cournot and Wardrop equilibria},
	url = {http://onlinelibrary.wiley.com/doi/10.1002/net.3230150303/abstract},
	urldate = {03/08/12},
	volume = 15,
	year = 1985
}

@book{Evans1998Partial,
	author = {Evans, L C},
	isbn = 9780821807729,
	keywords = {pde math hyperbolic conservation flux},
	publisher = {American Mathematical Society},
	series = {Graduate studies in mathematics},
	title = {Partial differential equations},
	url = {http://books.google.com/books?id=5Pv4LVB\_m8AC},
	year = 1998
}

@article{Evans1998Partiala,
	author = {Evans, LC},
	title = {Partial differential equations},
	url = {http://cds.cern.ch/record/1529903},
	urldate = {14/05/13},
	year = 1998
}

@article{Fahroo2000Optimal,
	author = {Fahroo, Fariba and Demetriou, Michael a.},
	booktitle = {Journal of Computational and Applied Mathematics},
	issn = 03770427,
	journal = {Journal of Computational and Applied Mathematics},
	keywords = {active noise control,and actuators,linear quadratic tracking,optimal location of sensors,output feedback},
	month = 1,
	number = 1,
	pages = {137-158},
	title = {Optimal actuator/sensor location for active noise regulator and tracking control problems},
	url = {http://linkinghub.elsevier.com/retrieve/pii/S0377042799002939},
	volume = 114,
	year = 2000
}

@article{Fahroo2002Direct,
	author = {Fahroo, Fariba and Ross, I. Michael},
	booktitle = {Journal of Guidance, Control, and Dynamics},
	issn = {0731-5090},
	journal = {Journal of Guidance, Control, and Dynamics},
	month = 1,
	number = 1,
	pages = {160-166},
	title = {Direct Trajectory Optimization by a Chebyshev Pseudospectral Method},
	url = {http://arc.aiaa.org/doi/abs/10.2514/2.4862},
	volume = 25,
	year = 2002
}

@inproceedings{Faulkner2011Next,
	author = {Faulkner, Matthew and Olson, Michael and Chandy, Rishi and Krause, Jonathan and Chandy, K Mani and Krause, Andreas},
	booktitle = {Proceedings of the 10th ACMIEEE International Conference on Information Processing in Sensor Networks},
	institution = {Caltech},
	isbn = 9781450305129,
	journal = {Proceedings of the 10th ACMIEEE International Conference on Information Processing in Sensor Networks},
	keywords = {community sensing,distributed anomaly detection,sensor networks},
	pages = {13-24},
	publisher = {IEEE},
	school = {Caltech},
	title = {The next big one: Detecting earthquakes and other rare events from community-based sensors},
	year = 2011
}

@inproceedings{Flasskamp2012Switching,
	author = {Flasskamp, Kathrin and Murphey, Todd and Ober-Blobaum, Sina},
	booktitle = {Decision and Control (CDC), 2012 IEEE 51st Annual Conference on},
	institution = {IEEE},
	journal = {Decision and Control (CDC), 2012 IEEE 51st Annual Conference on},
	pages = {707-712},
	school = {IEEE},
	title = {Switching time optimization in discretized hybrid dynamical systems},
	year = 2012
}

@inproceedings{Flasskamp2012Switchinga,
	author = {Flasskamp, Kathrin and Murphey, Todd and Ober-bl, Sina},
	booktitle = {51st IEEE Conference on Decision and Control},
	isbn = 9781467320641,
	journal = {51st IEEE Conference on Decision and Control},
	number = 4,
	pages = {0-5},
	title = {Switching Time Optimization in Discretized Hybrid Dynamical Systems},
	year = 2012
}

@article{Frazzoli2002RealTime,
	author = {Frazzoli, Emilio and Dahleh, Munther A and Feron, Eric},
	booktitle = {Journal of Guidance, Control, and Dynamics},
	journal = {Journal of Guidance, Control, and Dynamics},
	number = 1,
	pages = {116-129},
	title = {Real-time motion planning for agile autonomous vehicles},
	volume = 25,
	year = 2002
}

@inproceedings{Frejo2011Feasible,
	author = {Frejo, J R and Camacho, E F},
	booktitle = {Decision and Control and European Control Conference (CDC-ECC), 2011 50th IEEE Conference on},
	institution = {IEEE},
	journal = {Decision and Control and European Control Conference (CDC-ECC), 2011 50th IEEE Conference on},
	pages = {5965-5970},
	school = {IEEE},
	title = {Feasible Cooperation based Model Predictive Control for freeway traffic systems},
	year = 2011
}

@article{Frejo2011Feasiblea,
	author = {Frejo, J R D and Camacho, E F},
	booktitle = {Conference on Decision and Control},
	institution = {IEEE},
	isbn = 9781612847993,
	journal = {Conference on Decision and Control},
	number = 2,
	pages = {5965-5970},
	school = {IEEE},
	title = {Feasible Cooperation Based Model Predictive Control for Freeway Traffic Systems},
	volume = 50,
	year = 2011
}

@article{Frejo2012Global,
	author = {Frejo, JosÃ© RamÃ³n DomÃ­nguez and Camacho, Eduardo FernÃ¡ndez},
	booktitle = {Intelligent Transportation Systems, IEEE Transactions on},
	journal = {Intelligent Transportation Systems, IEEE Transactions on},
	number = 4,
	pages = {1556-1565},
	publisher = {IEEE},
	title = {Global versus local MPC algorithms in freeway traffic control with ramp metering and variable speed limits},
	volume = 13,
	year = 2012
}

@article{Friedman2010Regularization,
	author = {Friedman, Jerome and Hastie, Trevor and Tibshirani, Rob},
	booktitle = {Journal of statistical software},
	issn = {1548-7660},
	journal = {Journal of statistical software},
	month = 1,
	number = 1,
	pages = {1-22},
	title = {Regularization Paths for Generalized Linear Models via Coordinate Descent.},
	url = {http://www.pubmedcentral.nih.gov/articlerender.fcgi?artid=2929880\&tool=pmcentrez\&rendertype=abstract},
	volume = 33,
	year = 2010
}

@article{Friesz1985Transportation,
	author = {Friesz, T L},
	booktitle = {Transportation Research Part A: General},
	journal = {Transportation Research Part A: General},
	number = {5-6},
	pages = {413-427},
	publisher = {Elsevier},
	title = {Transportation network equilibrium, design and aggregation: key developments and research opportunities},
	volume = 19,
	year = 1985
}

@article{Friesz1994DayToDay,
	author = {Friesz, T L and Bernstein, D and Mehta, N J and Tobin, R L and Ganjalizadeh, S},
	booktitle = {Operations Research},
	journal = {Operations Research},
	number = 6,
	pages = {1120-1136},
	publisher = {Operations Research Society of America},
	title = {Day-to-day dynamic network disequilibria and idealized traveler information systems},
	url = {http://www.jstor.org/stable/171990},
	volume = 42,
	year = 1994
}

@article{Friesz2001Dynamic,
	author = {Friesz, Terry L},
	booktitle = {Networks},
	journal = {Networks},
	keywords = {c assignment,differential games,dynamic games,dynamic traf,optimal control theory},
	number = 1996,
	pages = {319-347},
	title = {Dynamic Network User Equilibrium with State-Dependent Time Lags},
	year = 2001
}

@article{Friesz2006Solving,
	author = {Friesz, Terry L and Mookherjee, Reetabrata},
	booktitle = {Transportation Research-Part B Methodological},
	journal = {Transportation Research-Part B Methodological},
	keywords = {differential variational inequality,dynamic user equilibrium,optimal},
	number = 3,
	pages = {207-229},
	publisher = {Oxford; New York: Pergamon Press, 1979-},
	title = {Solving the dynamic network user equilibrium problem with state-dependent time shifts},
	volume = 40,
	year = 2006
}

@article{Friesz2012DayToDay,
	author = {Friesz, Terry L and Bernstein, David and Mehta, Nihal J and Tobin, Roger L and Ganjalizadeh, Saiid},
	booktitle = {Operations Research},
	journal = {Operations Research},
	number = 6,
	pages = {1120-1136},
	title = {DAY-TO-DAY DYNAMIC NETWORK DISEQUILIBRIA TRAVELER INFORMATION IDEALIZED SYSTEMS},
	volume = 42,
	year = 2012
}

@article{Fuegenschuh2008Discrete,
	author = {FÃ¼genschuh, Armin and GÃ¶ttlich, Simone and Herty, Michael and Klar, Axel and Martin, Alexander},
	booktitle = {SIAM journal on scientific computing},
	journal = {SIAM journal on scientific computing},
	keywords = {060663799,1,10,1137,65m,90b10,ams subject classifications,conservation laws,doi,introduction,networks,optimization,set of ap-,supply chain management is,supply chains,usually defined as a},
	number = 3,
	pages = {1490-1507},
	publisher = {SIAM},
	title = {A discrete optimization approach to large scale supply networks based on partial differential equations},
	volume = 30,
	year = 2008
}

@article{Fukushima1992Equivalent,
	author = {Fukushima, Masao},
	booktitle = {Mathematical Programming},
	journal = {Mathematical Programming},
	keywords = {asymmetric variational inequality problem,descent methods,equivalent differentiable optimization problem,monotone mapping,nonlinear complementarity problem,nonlinear equations},
	pages = {99-110},
	title = {Equivalent ditterentiable optimization problems and descent methods for asymmetric variational inequality problems},
	volume = 53,
	year = 1992
}

@misc{Fund2012Opportunity,
	author = {Opportunity-Fund},
	title = {Opportunity Fund Financial Report},
	year = 2012
}

@inproceedings{Furtlehner2007Belief,
	author = {Furtlehner, C and Lasgouttes, J.-M. and de La Fortelle, A},
	booktitle = {Intelligent Transportation Systems Conference, 2007. ITSC 2007. IEEE},
	journal = {Intelligent Transportation Systems Conference, 2007. ITSC 2007. IEEE},
	keywords = {Ising model;belief propagation algorithm;discretiz},
	pages = {1022-1027},
	title = {A Belief Propagation Approach to Traffic Prediction using Probe Vehicles},
	year = 2007
}

@article{Games2007Effectiveness,
	author = {Games, Congestion and Swamy, Chaitanya},
	pages = {1-17},
	title = {The Effectiveness of Stackelberg Strategies and Tolls for Network},
	year = 2007
}

@book{Garavello2006Traffic,
	author = {Garavello, M. and Piccoli, B.},
	isbn = 9781601330000,
	publisher = {American institute of mathematical sciences Springfield, MA, USA},
	title = {Traffic flow on networks},
	url = {http://www.iac.rm.cnr.it/{	extasciitilde}piccoli/book.pdf},
	urldate = {21/08/12},
	volume = 1,
	year = 2006
}

@article{Geisberger2008Contraction,
	author = {Geisberger, Robert},
	number = {July},
	title = {Contraction Hierarchies : Faster and Simpler Hierarchical Routing in Road Networks of},
	year = 2008
}

@article{Gh????Stable,
	author = {Gh, X D Q G},
	title = {Stable Dynamics in Transportation Systems},
	volume = 25
}

@article{Ghaoui2010Safe,
	author = {Ghaoui, Laurent El and Viallon, V},
	booktitle = {Journal of Machine Learning Research},
	journal = {Journal of Machine Learning Research},
	keywords = {feature elimination,lasso,logistic regression,sparse regression,svm},
	number = 0,
	title = {Safe feature elimination for the LASSO and sparse supervised learning problems},
	url = {http://adsabs.harvard.edu/abs/2010arXiv1009.4219E},
	urldate = {17/03/12},
	volume = 0,
	year = 2010
}

@article{Ghemawat2003Google,
	author = {Ghemawat, Sanjay and Gobioff, Howard and Leung, Shun-Tak},
	booktitle = {ACM SIGOPS Operating Systems Review},
	institution = {ACM},
	isbn = 1581137575,
	issn = 01635980,
	journal = {ACM SIGOPS Operating Systems Review},
	keywords = {clustered storage,data storage,fault tolerance,scalability},
	number = 5,
	pages = 29,
	publisher = {ACM},
	school = {ACM},
	series = {SOSP '03},
	title = {The Google file system},
	url = {http://portal.acm.org/citation.cfm?doid=1165389.945450},
	volume = 37,
	year = 2003
}

@article{Giering1998Recipes,
	author = {Giering, Ralf and Kaminski, Thomas},
	booktitle = {ACM Transactions on Mathematical Software (TOMS)},
	journal = {ACM Transactions on Mathematical Software (TOMS)},
	number = 4,
	pages = {437-474},
	publisher = {ACM},
	title = {Recipes for adjoint code construction},
	url = {http://dl.acm.org/citation.cfm?id=293695},
	urldate = {26/09/13},
	volume = 24,
	year = 1998
}

@article{Giles1997Adjoint,
	author = {Giles, Michael B MB B and Pierce, Niles A NA},
	booktitle = {AIAA paper},
	journal = {AIAA paper},
	number = 1850,
	pages = {182-198},
	title = {Adjoint equations in CFD : duality , boundary conditions and solution behaviour},
	url = {http://people.maths.ox.ac.uk/gilesm/files/AIAA-97-1850.pdf},
	urldate = {22/08/12},
	volume = 97,
	year = 1997
}

@article{Giles2000Introduction,
	author = {Giles, Michael B. and Pierce, Niles A.},
	booktitle = {Flow, Turbulence and Combustion},
	journal = {Flow, Turbulence and Combustion},
	number = {3-4},
	pages = {393-415},
	publisher = {Springer},
	title = {An introduction to the adjoint approach to design},
	url = {http://www.springerlink.com/index/UT16Q7280162408N.pdf},
	urldate = {22/08/12},
	volume = 65,
	year = 2000
}

@article{Giles2001Analytic,
	author = {Giles, MB and Pierce, NA and ÃÃ², Ã Ã Ã ÃÃ³Ã°Ã¹Ã¸ and ÃÃ¹, Ã Ã Ã and ÃÃ², Ã Ã Ã Ã Ã Ã and Ã, Ã Ã Ã and ÃÃ²Ã¸, Ã Ã Ã Ã Ã Ã Ã and ÃÃ³, ÃÃ¹Ã³Ã¹ Ã Ã Ã and ÃÃ², Ã Ã Ã Ã Ã Ã Ã and ÃÃ¹Ã², Ã Ã Ã Ã and ÃÃ², Ã Ã and ÃÃ¹, Ã Ã Ã Ã and ÃÃ¹, Ã Ã Ã and ÃÃ¹Ã¶, Ã Ã Ã Ã Ã and ÃÃ¶Ã±Ã¹Ã°, Ã Ã Ã Ã Ã and ÃÃ¶, Ã Ã Ã Ã Ã Ã Ã and ÃÃ³, Ã Ã Ã Ã Ã},
	booktitle = {Journal of Fluid Mechanics},
	journal = {Journal of Fluid Mechanics},
	pages = {327-345},
	title = {Analytic adjoint solutions for the quasi-one-dimensional Euler equations},
	url = {http://journals.cambridge.org/production/action/cjoGetFulltext?fulltextid=63728},
	urldate = {22/08/12},
	volume = 426,
	year = 2001
}

@article{Giles2001Introduction,
	author = {Giles, Michael B and Pierce, Niles A},
	booktitle = {Computing},
	issn = 13866184,
	journal = {Computing},
	keywords = {adjoint p,computational fluid dynamics,d,design,e},
	number = 3,
	pages = {393-415},
	publisher = {Springer},
	title = {An Introduction to the Adjoint Approach to Design},
	url = {http://www.springerlink.com/index/UT16Q7280162408N.pdf},
	volume = 65,
	year = 2001
}

@article{Giles2003Algorithm,
	author = {Giles, Michael B. and Duta, Mihai C. and MÃ¼ller, Jens-Dominik and Pierce, Niles a. and ÃÃ¶, Ã ÃÃ³Ã´Ã± Ã Ã and ÃÃ¸, Ã Ã Ã Ã and ÃÃ¶, Ã Ã and ÃÃ½, Ã Ã Ã Ã and ÃÃ¶, ÃÃ±Ã´Ã¹Ã¸ Ã Ã and ÃÃ¼, ÃÃ³Ã¶Ã½ and Ã, Ã Ã Ã},
	booktitle = {AIAA Journal},
	issn = {0001-1452},
	journal = {AIAA Journal},
	month = 2,
	number = 2,
	pages = {198-205},
	title = {Algorithm Developments for Discrete Adjoint Methods},
	url = {http://doi.aiaa.org/10.2514/2.1961},
	volume = 41,
	year = 2003
}

@book{Giles2003Discrete,
	author = {Giles, MB},
	title = {Discrete adjoint approximations with shocks},
	url = {http://books.google.com/books?hl=en\&lr=\&id=TapltAX3ry8C\&oi=fnd\&pg=PA185\&dq=Discrete+adjoint+approximations+with+shocks\&ots=aTKjqG3Suw\&sig=8vNRcXp7F3FnsRScAcqTS2huSbA},
	urldate = {22/08/12},
	year = 2003
}

@article{Giles2005Using,
	author = {Giles, M B and Ghate, D and Duta, M C},
	publisher = {Unspecified},
	title = {Using automatic differentiation for adjoint CFD code development},
	year = 2005
}

@article{Giles????Using,
	author = {Giles, M B and Ghate, D},
	keywords = {and phrases,automatic differentiation,design optimisation,discrete adjoint,numerical analysis group,oxford university computing laboratory},
	number = 05,
	pages = {1-18},
	title = {Using Automatic Differentiation for Adjoint CFD Code Development}
}

@article{GlaserS2011Ishake,
	author = {Dashti, S. and Reilly, J. and Bray, J.D. and Bayen, A. and {Glaser, S.} and Mari, E.},
	booktitle = {GeoEngineering Report, Depart. of Civil and Environ. Engineering, Univ. of California, Berkeley, Feb},
	journal = {GeoEngineering Report, Depart. of Civil and Environ. Engineering, Univ. of California, Berkeley, Feb},
	title = {iShake: Using Personal Devices to Deliver Rapid Semi-Qualitative Earthquake Shaking Information},
	url = {http://earthquake.usgs.gov/research/external/reports/G10AP00006.pdf},
	urldate = {01/07/12},
	volume = 28,
	year = 2011
}

@article{Glass2007On,
	author = {Glass, O. and Guerrero, S.},
	booktitle = {SIAM Journal on Control and Optimization},
	issn = {0363-0129},
	journal = {SIAM Journal on Control and Optimization},
	keywords = {35b25,35q20,93b05,ams subject classifications,burgers equation,controllability,vanishing viscosity limit},
	month = 1,
	number = 4,
	pages = {1211-1238},
	title = {On the uniform controllability of the Burgers equation},
	url = {http://epubs.siam.org/doi/abs/10.1137/060664677},
	urldate = {23/10/13},
	volume = 46,
	year = 2007
}

@article{Goatin2012Cauchy,
	author = {Goatin, Paola and M, Inria Sophia Antipolis},
	keywords = {and phrases,macroscopic models,scalar conservation laws,traffic flow at junctions,wave-front tracking},
	number = 6,
	pages = {1-24},
	title = {THE CAUCHY PROBLEM AT A NODE WITH BUFFER Mauro Garavello},
	volume = 32,
	year = 2012
}

@article{Godunov1959Difference,
	author = {Godunov, S K},
	booktitle = {Matematicheskii Sbornik},
	journal = {Matematicheskii Sbornik},
	number = 3,
	pages = {271-306},
	publisher = {Russian Academy of Sciences, Branch of Mathematical Sciences},
	title = {A difference method for numerical calculation of discontinuous solutions of the equations of hydrodynamics},
	volume = 89,
	year = 1959
}

@incollection{Goettlich2013Modeling,
	author = {GÃ¶ttlich, Simone and Klar, Axel},
	booktitle = {Modelling and Optimisation of Flows on Networks},
	journal = {Modelling and Optimisation of Flows on Networks},
	pages = {395-461},
	publisher = {Springer},
	title = {Modeling and Optimization of Scalar Flows on Networks},
	year = 2013
}

@article{Gomes2006Optimal,
	author = {Gomes, G. and Horowitz, R.},
	booktitle = {Transportation Research Part C: Emerging Technologies},
	journal = {Transportation Research Part C: Emerging Technologies},
	number = 4,
	pages = {244-262},
	publisher = {Elsevier},
	title = {Optimal freeway ramp metering using the asymmetric cell transmission model},
	volume = 14,
	year = 2006
}

@article{Gomes2008Behavior,
	author = {Gomes, G. and Horowitz, R. and Kurzhanskiy, A. A. and Varaiya, P. and Kwon, J.},
	booktitle = {Transportation Research Part C: Emerging Technologies},
	issn = {0968090X},
	journal = {Transportation Research Part C: Emerging Technologies},
	keywords = {cell transmission model,congestion,convergent system,fundamental diagram,macrosimulation,map,ramp metering,stability,strictly monotone},
	month = 8,
	number = 4,
	pages = {485-513},
	publisher = {Elsevier},
	title = {Behavior of the cell transmission model and effectiveness of ramp metering},
	url = {http://linkinghub.elsevier.com/retrieve/pii/S0968090X0700085X},
	urldate = {14/12/11},
	volume = 16,
	year = 2008
}

@article{Gomes2009Automatic,
	author = {Gomes, Gabriel and Horowitz, Roberto},
	number = {January},
	title = {Automatic Calibration of the Fundamental Diagram and Empirical Observations on Capacity},
	year = 2009
}

@misc{Gov2010Statistics,
	author = {Census.gov},
	title = {Statistics of U.S. Businesses},
	year = 2010
}

@misc{Gov2012Jobs,
	author = {Whitehouse.gov},
	title = {JOBS Act},
	url = {http://www.whitehouse.gov/blog/2011/09/08/president-s-american-jobs-act-fueling-innovation-and-entrepreneurship},
	year = 2012
}

@misc{Gov2012Stem,
	author = {House.gov},
	title = {STEM Jobs Act},
	year = 2012
}

@inproceedings{Greenshields1935Study,
	author = {Greenshields, B D},
	booktitle = {Highway Research Board Proceedings},
	journal = {Highway Research Board Proceedings},
	keywords = {fundamental diagram traffic theory flow},
	pages = {448-477},
	title = {A study of traffic capacity},
	volume = 14,
	year = 1935
}

@article{Gugat2005Optimal,
	author = {Gugat, M. and Herty, M. and Klar, a. and Leugering, G.},
	booktitle = {Journal of Optimization Theory and Applications},
	issn = {0022-3239},
	journal = {Journal of Optimization Theory and Applications},
	keywords = {adjoint systems,hyperbolic systems,networks,traffic flows},
	month = 9,
	number = 3,
	pages = {589-616},
	title = {Optimal Control for Traffic Flow Networks},
	url = {http://www.springerlink.com/index/10.1007/s10957-005-5499-z},
	urldate = {20/08/12},
	volume = 126,
	year = 2005
}

@article{Gugat2005Optimala,
	author = {Gugat, M. and Herty, M. and Klar, a. and Leugering, G.},
	booktitle = {Journal of Optimization Theory and Applications},
	issn = {0022-3239},
	journal = {Journal of Optimization Theory and Applications},
	keywords = {adjoint systems,hyperbolic systems,networks,traffic flows},
	month = 9,
	number = 3,
	pages = {589-616},
	title = {Optimal Control for Traffic Flow Networks},
	url = {http://link.springer.com/10.1007/s10957-005-5499-z},
	urldate = {16/05/13},
	volume = 126,
	year = 2005
}

@article{Gugat2005Optimalb,
	author = {Gugat, Martin},
	booktitle = {Adv. Model. Optim},
	journal = {Adv. Model. Optim},
	keywords = {35l65,49k40,93b35,adjoint equations,hyperbolic partial differential equation,mathematics subject classification,network,node conditions,optimal control,st,venant equations},
	number = 1,
	pages = {9-37},
	title = {Optimal nodal control of networked hyperbolic systems: Evaluation of derivatives},
	volume = 7,
	year = 2005
}

@article{Guo2011Bounded,
	author = {Guo, X. and Liu, H.X.},
	booktitle = {Transportation Research Part B: Methodological},
	issn = 01912615,
	journal = {Transportation Research Part B: Methodological},
	month = 12,
	number = 10,
	pages = {1606-1618},
	title = {Bounded rationality and irreversible network change},
	url = {http://linkinghub.elsevier.com/retrieve/pii/S0191261511000853},
	urldate = {06/08/12},
	volume = 45,
	year = 2011
}

@article{Han????ContinuousTime,
	author = {Han, Ke and Piccoli, Benedetto and Friesz, Terry L and Yao, Tao},
	pages = {1-23},
	title = {A Continuous-time Link-based Kinematic Wave Model for Dynamic Traffic Networks}
}

@article{Harker1988Multiple,
	author = {Harker, PT T},
	booktitle = {Transportation Science},
	journal = {Transportation Science},
	number = 1,
	pages = 39,
	title = {Multiple equilibrium behaviors on networks},
	url = {http://transci.journal.informs.org/content/22/1/39.short},
	urldate = {22/02/12},
	volume = 22,
	year = 1988
}

@misc{Harmon2010Pm,
	author = {Harmon, G.},
	title = {PM BIO Become a Fan Get Email Alerts Bloggers' Index How Microfinance Is Fueling A New Small Business Wave},
	url = {http://www.huffingtonpost.com/gina-harman/were-lending-to-small-bus\_b\_777909.html},
	year = 2010
}

@article{Haurie1985On,
	author = {Haurie, A. and Marcotte, P.},
	booktitle = {Networks},
	journal = {Networks},
	number = 3,
	pages = {295-308},
	title = {On the relationship between Nash - Cournot and Wardrop equilibria},
	volume = 15,
	year = 1985
}

@article{He2000Modified,
	author = {He, B. and Zhou, J.},
	booktitle = {Applied Mathematics Letters},
	journal = {Applied Mathematics Letters},
	keywords = {--alternative,1,augmented lagrangian method,continuous mapping from r,direction,i n t r,let f be a,let s be a,nonempty closed convex subset,o d u c,of r n and,t i o n},
	number = 2,
	pages = {123-130},
	publisher = {Elsevier},
	title = {A modified alternating direction method for convex minimization problems},
	url = {http://www.sciencedirect.com/science/article/pii/S0893965999001755},
	urldate = {23/02/12},
	volume = 13,
	year = 2000
}

@article{He2012Modeling,
	author = {He, X. and Liu, H.X.},
	booktitle = {Transportation Research Part B: Methodological},
	issn = 01912615,
	journal = {Transportation Research Part B: Methodological},
	month = 1,
	number = 1,
	pages = {50-71},
	publisher = {Elsevier Ltd},
	title = {Modeling the day-to-day traffic evolution process after an unexpected network disruption},
	url = {http://linkinghub.elsevier.com/retrieve/pii/S0191261511001123},
	urldate = {06/08/12},
	volume = 46,
	year = 2012
}

@article{Herrera2010Incorporation,
	author = {Herrera, Juan C and Bayen, Alexandre M},
	booktitle = {Transportation Research Part B: Methodological},
	issn = 01912615,
	journal = {Transportation Research Part B: Methodological},
	number = 4,
	pages = {460-481},
	publisher = {Elsevier Ltd},
	title = {Incorporation of Lagrangian measurements in freeway traffic state estimation},
	url = {http://linkinghub.elsevier.com/retrieve/pii/S0191261509001222},
	volume = 44,
	year = 2010
}

@inproceedings{Herring2010Estimating,
	author = {Herring, R and Hofleitner, A and Abbeel, P and Bayen, A},
	booktitle = {Intelligent Transportation Systems (ITSC), 2010 13th International IEEE Conference on},
	issn = {2153-0009},
	journal = {Intelligent Transportation Systems (ITSC), 2010 13th International IEEE Conference on},
	keywords = {GPS data;arterial networks;arterial traffic condit},
	pages = {929-936},
	title = {Estimating arterial traffic conditions using sparse probe data},
	year = 2010
}

@article{Herty2007Instantaneous,
	author = {Herty, M and Kirchner, C and Klar, A},
	keywords = {hyperbolic systems,instantaneous control,networks,traffic flow},
	number = {September 2006},
	pages = {153-169},
	title = {Instantaneous control for traffic flow},
	year = 2007
}

@article{Herty2007Instantaneousa,
	author = {Herty, M and Kirchner, C and Klar, A},
	keywords = {hyperbolic systems,instantaneous control,networks,traffic flow},
	number = {September 2006},
	pages = {153-169},
	title = {Instantaneous control for traffic flow},
	year = 2007
}

@article{Herty2007Smoothed,
	author = {Herty, M. and Klar, a. and Singh, a. K. and Spellucci, P.},
	booktitle = {Computational Optimization and Applications},
	issn = {0926-6003},
	journal = {Computational Optimization and Applications},
	keywords = {non-convex optimization methods,penalty methods,traffic networks},
	month = 3,
	number = 2,
	pages = {157-176},
	title = {Smoothed penalty algorithms for optimization of nonlinear models},
	url = {http://link.springer.com/10.1007/s10589-007-9011-6},
	urldate = {19/03/14},
	volume = 37,
	year = 2007
}

@article{Hindman2011Mesos,
	author = {Hindman, Benjamin and Konwinski, Andy and Zaharia, Matei and Ghodsi, Ali and Joseph, Anthony D and Katz, Randy and Shenker, Scott and Stoica, Ion},
	booktitle = {Architecture},
	institution = {EECS Department, University of California, Berkeley},
	issn = 00189456,
	journal = {Architecture},
	number = {UCB/EECS-2010-87},
	pages = 22,
	publisher = {USENIX Association},
	school = {EECS Department, University of California, Berkeley},
	title = {Mesos : A Platform for Fine-Grained Resource Sharing in the Data Center},
	url = {http://www.usenix.org/events/nsdi11/tech/full\_papers/Hindman.pdf},
	volume = 203,
	year = 2011
}

@inproceedings{Hirt1971Arbitrary,
	author = {Hirt, C.W.},
	booktitle = {Proceedings of the second international conference on numerical methods in fluid dynamics},
	journal = {Proceedings of the second international conference on numerical methods in fluid dynamics},
	pages = {350-355},
	title = {An arbitrary Lagrangian-Eulerian computing technique},
	volume = 8,
	year = 1971
}

@article{Ho1981Information,
	author = {Ho, Y C and Luh, P and Muralidharan, R},
	booktitle = {Automatic Control, IEEE Transactions on},
	journal = {Automatic Control, IEEE Transactions on},
	number = 2,
	pages = {454-460},
	publisher = {IEEE},
	title = {Information structure, Stackelberg games, and incentive controllability},
	volume = 26,
	year = 1981
}

@article{Hofbauer2003Evolutionary,
	author = {Hofbauer, Josef and Sigmund, Karl},
	booktitle = {Society},
	journal = {Society},
	number = 4,
	pages = {479-519},
	title = {Evolutionary game dynamics},
	volume = 40,
	year = 2003
}

@article{Hofleitner2011High,
	author = {Hofleitner, Aude and Amin, Saurabh and Herring, Ryan and Abbeel, Pieter and Bayen, Alexandre},
	booktitle = {NIPS Workshop},
	journal = {NIPS Workshop},
	pages = {1766-1792},
	title = {High order weighted essentially non-oscillatory WENO-Z schemes for hyperbolic conservation laws},
	url = {http://users.isr.ist.utl.pt/{	extasciitilde}rmcantin/papersNIPS09/6.pdf},
	volume = 230,
	year = 2011
}

@article{Hofleitner2011Hydrodynamic,
	author = {Hofleitner, Aude and Herring, Ryan and Bayen, Alexandre M and Investigator, Principal},
	booktitle = {IEEE Signal Processing Magazine},
	issn = 10535888,
	journal = {IEEE Signal Processing Magazine},
	number = 1,
	pages = {419-458},
	title = {A hydrodynamic theory based statistical model of arterial traffic A hydrodynamic theory based statistical model of arterial traffic},
	url = {http://www.eecs.berkeley.edu/{	extasciitilde}aude/papers/workshop\_nips\_2009.pdf},
	volume = {UCB-ITS-CW},
	year = 2011
}

@inproceedings{Hofleitner2011Online,
	author = {Hofleitner, A and Bayen, A and El Ghaoui, L},
	booktitle = {Proc.\ Conference on Decision and Control},
	journal = {Proc.\ Conference on Decision and Control},
	month = 12,
	title = {Online least-squares estimation of time varying systems with sparse temporal evolution and application to traffic estimation},
	year = 2011
}

@article{Hofleitner2012Arterial,
	author = {Hofleitner, Aude and Herring, Ryan and Bayen, Alexandre},
	booktitle = {Transportation Research Part B: Methodological},
	issn = 01912615,
	journal = {Transportation Research Part B: Methodological},
	month = 11,
	number = 9,
	pages = {1097-1122},
	publisher = {Elsevier Ltd},
	title = {Arterial travel time forecast with streaming data: A hybrid approach of flow modeling and machine learning},
	url = {http://linkinghub.elsevier.com/retrieve/pii/S0191261512000513},
	urldate = {11/09/12},
	volume = 46,
	year = 2012
}

@inproceedings{Hofleitner2012Large,
	address = {Washington, DC},
	author = {Hofleitner, Aude and Herring, Ryan and Bayen, Alexandre and Han, Yufei and Moutarde, Fabien and de La Fortelle, Arnaud},
	booktitle = {91st Transportation Research Board Annual Meeting},
	journal = {91st Transportation Research Board Annual Meeting},
	pages = {12-0598},
	title = {Large scale estimation of arterial traffic and structural analysis of traffic patterns using probe vehicles},
	url = {http://www.eecs.berkeley.edu/{	extasciitilde}aude/papers/TRB2012\_NMF.pdf},
	year = 2012
}

@article{Hofleitner????Dynamic,
	author = {Hofleitner, Aude and Amin, S and Herring, Ryan and Abbeel, P},
	booktitle = {users.isr.ist.utl.pt},
	journal = {users.isr.ist.utl.pt},
	pages = {1-3},
	title = {Dynamic sensing policies for monitoring arterial road traffic},
	url = {http://users.isr.ist.utl.pt/{	extasciitilde}rmcantin/papersNIPS09/6.pdf},
	urldate = {23/02/12}
}

@article{Hofleitner????Online,
	author = {Hofleitner, A and El Ghaoui, L. and Bayen, A},
	booktitle = {eecs.berkeley.edu},
	journal = {eecs.berkeley.edu},
	number = 2,
	title = {Online least-squares estimation of time varying systems with sparse temporal evolution and application to traffic estimation},
	url = {http://www.eecs.berkeley.edu/{	extasciitilde}aude/papers/cdc2011\_lasso\_temporal.pdf},
	urldate = {08/03/12},
	volume = 1
}

@inproceedings{Hoh2008Virtual,
	author = {Hoh, B and Gruteser, M and Herring, R and Ban, J and Work, D and Herrera, J C and Bayen, A M and Annavaram, M and Jacobson, Q},
	booktitle = {Proceeding of the 6th international conference on Mobile systems, applications, and services},
	institution = {ACM},
	journal = {Proceeding of the 6th international conference on Mobile systems, applications, and services},
	pages = {15-28},
	school = {ACM},
	title = {Virtual trip lines for distributed privacy-preserving traffic monitoring},
	year = 2008
}

@book{Horowitz2006Design,
	author = {Horowitz, Roberto and Skabardonis, Alexander and Varaiya, Pravin Pratap},
	publisher = {California PATH Program, Institute of Transportation Studies, University of California at Berkeley},
	title = {Design, field implementation and evaluation of adaptive ramp metering algorithms: Final report},
	year = 2006
}

@article{Horowitz????Analysis,
	author = {Horowitz, Roberto},
	title = {ANALYSIS OF AN ADAPTIVE ITERATIVE LEARNING ALGORITHM FOR}
}

@article{Horowitz????Imputation,
	author = {Horowitz, Roberto},
	title = {IMPUTATION OF RAMP FLOW DATA USING THE ASYMMETRIC CELL}
}

@article{Hou2003Freeway,
	author = {Hou, Zhongsheng and Xu, Jim-xin and Model, A Trafic},
	booktitle = {Traffic},
	isbn = 0780381254,
	journal = {Traffic},
	pages = {1081-1086},
	title = {Freeway Traffic Density Control Using Iterative Learning Control Approach},
	year = 2003
}

@incollection{Hsieh2011Sparse,
	author = {Hsieh, Cho-Jui and Sustik, Matyas A and Dhillon, Inderjit S and Ravikumar, Pradeep},
	booktitle = {Advances in Neural Information Processing Systems 24},
	journal = {Advances in Neural Information Processing Systems 24},
	pages = {2330-2338},
	title = {Sparse Inverse Covariance Matrix Estimation Using Quadratic Approximation},
	year = 2011
}

@article{Hu1997DayToDay,
	author = {Hu, T. and Mahmassani, H.S.},
	booktitle = {Transportation Research Part C: Emerging Technologies},
	journal = {Transportation Research Part C: Emerging Technologies},
	number = 1,
	pages = {51-69},
	title = {Day-to-day evolution of network flows under real-time information and reactive signal control},
	urldate = {10/08/12},
	volume = 5,
	year = 1997
}

@article{Hughes1990Why,
	author = {Hughes, John and H, Chalmers Tekniska},
	pages = {1-23},
	title = {Why Functional Programming Matters},
	year = 1990
}

@inproceedings{Hull2006Cartel,
	author = {Hull, B and Bychkovsky, V and Zhang, Y and Chen, K and Goraczko, M and Miu, A and Shih, E and Balakrishnan, H and Madden, S},
	booktitle = {Proceedings of the 4th international conference on Embedded networked sensor systems},
	institution = {ACM},
	journal = {Proceedings of the 4th international conference on Embedded networked sensor systems},
	pages = {125-138},
	school = {ACM},
	title = {CarTel: a distributed mobile sensor computing system},
	year = 2006
}

@article{Hunter2011Path,
	author = {Hunter, Timothy and Herring, Ryan and Abbeel, Pieter and Bayen, Alexandre},
	title = {The path inference filter : model-based low-latency map matching of probe vehicle data . DRAFT - Do not redistribute .},
	year = 2011
}

@article{Hunter2011Patha,
	author = {Hunter, Timothy and Herring, Ryan and Abbeel, Pieter and Bayen, Alexandre},
	booktitle = {CoRR},
	journal = {CoRR},
	title = {The path inference filter: model-based low-latency map matching of probe vehicle data},
	volume = {abs/1109.1},
	year = 2011
}

@article{Hunter2011Scaling,
	address = {New York, New York, USA},
	author = {Hunter, Timothy and Moldovan, Teodor and Zaharia, Matei and Merzgui, Samy and Ma, Justin and Franklin, Michael J. and Abbeel, Pieter and Bayen, Alexandre M.},
	booktitle = {Proceedings of the 2nd ACM Symposium on Cloud Computing - SOCC '11},
	isbn = 9781450309769,
	journal = {Proceedings of the 2nd ACM Symposium on Cloud Computing - SOCC '11},
	pages = {1-8},
	publisher = {ACM Press},
	title = {Scaling the mobile millennium system in the cloud},
	url = {http://dl.acm.org/citation.cfm?doid=2038916.2038944},
	year = 2011
}

@article{Hunter????Path,
	author = {Hunter, Timothy and Abbeel, Pieter and Bayen, Alexandre},
	pages = {1-23},
	title = {The path inference filter : model-based low-latency map matching of probe vehicle data}
}

@article{Isacks1968Seismology,
	author = {Isacks, B and Oliver, J and Sykes, L R},
	booktitle = {Journal of Geophysical Research},
	journal = {Journal of Geophysical Research},
	number = 18,
	pages = {5855-5899},
	publisher = {American Geophysical Union},
	title = {Seismology and the new global tectonics},
	volume = 73,
	year = 1968
}

@inproceedings{Jacquet2005Optimal,
	author = {Jacquet, Denis and de Wit, Carlos Canudas and Koenig, Damien},
	booktitle = {Proceedings of the 16th IFAC World Congress},
	journal = {Proceedings of the 16th IFAC World Congress},
	keywords = {optimal control,traffic control},
	title = {Optimal Ramp Metering Strategy with Extended LWR Model, Analysis and Computational Methods},
	year = 2005
}

@inproceedings{Jacquet2005Traffic,
	author = {Jacquet, Denis and de Wit, C and Koenig, Damien},
	booktitle = {44th IEEE Conference on Decision and Control},
	institution = {IEEE},
	journal = {44th IEEE Conference on Decision and Control},
	pages = {2164-2169},
	school = {IEEE},
	title = {Traffic control and monitoring with a macroscopic model in the presence of strong congestion waves},
	year = 2005
}

@inproceedings{Jacquet2005Traffica,
	author = {Jacquet, D. and Canudas de Wit, C. and Koenig, D.},
	booktitle = {Proceedings of the 44th IEEE Conference on Decision and Control},
	isbn = {0-7803-9567-0},
	journal = {Proceedings of the 44th IEEE Conference on Decision and Control},
	pages = {2164-2169},
	publisher = {Ieee},
	title = {Traffic Control and Monitoring with a Macroscopic Model in the Presence of Strong Congestion Waves},
	url = {http://ieeexplore.ieee.org/lpdocs/epic03/wrapper.htm?arnumber=1582482},
	year = 2005
}

@inproceedings{Jacquet2006Optimal,
	author = {Jacquet, Denis and Krstic, Miroslav and de Wit, C.C. Canudas},
	booktitle = {American Control Conference, 2006},
	institution = {IEEE},
	isbn = {1-4244-0209-3},
	journal = {American Control Conference, 2006},
	number = 2,
	pages = {6--pp},
	publisher = {Ieee},
	school = {IEEE},
	title = {Optimal control of scalar one-dimensional conservation laws},
	url = {http://ieeexplore.ieee.org/lpdocs/epic03/wrapper.htm?arnumber=1657550},
	year = 2006
}

@article{Jacquet????Freeway,
	author = {Jacquet, D and Wit, CC de and Koenig, D},
	booktitle = {gipsa-lab.grenoble-inp.fr},
	journal = {gipsa-lab.grenoble-inp.fr},
	title = {Freeway traffic control and monitoring with distributed macroscopic models},
	url = {http://www.gipsa-lab.grenoble-inp.fr/{	extasciitilde}carlos.canudas-de-wit/publications/Vehicle\_control\_recent/Traffic\_CDC-ECC05.pdf},
	urldate = {24/09/13}
}

@article{Jahn2005SystemOptimal,
	author = {Jahn, Olaf and Mohring, Rolf H. and Schulz, Andreas S. and Stier-Moses, Nicolas E.},
	booktitle = {Operations Research},
	issn = {0030-364X},
	journal = {Operations Research},
	month = 7,
	number = 4,
	pages = {600-616},
	title = {System-Optimal Routing of Traffic Flows with User Constraints in Networks with Congestion},
	url = {http://or.journal.informs.org/cgi/doi/10.1287/opre.1040.0197},
	urldate = {19/06/11},
	volume = 53,
	year = 2005
}

@article{Jameson1999Using,
	author = {Jameson, Antony and Alonso, Juan J and Rimlinger, Mark J and Saunders, David},
	number = 1,
	title = {Using an Adjoint Formulation and Parallel Computers , Part 1},
	volume = 36,
	year = 1999
}

@article{Jayakrishnan1995Dynamic,
	author = {Jayakrishnan, R. and Tsai, W.K. K and Chen, A.},
	booktitle = {Transportation Research Part C: Emerging Technologies},
	journal = {Transportation Research Part C: Emerging Technologies},
	number = 1,
	pages = {51-72},
	publisher = {Elsevier},
	title = {a dynamic traffic assignment model with traffic-flow relationships},
	url = {http://www.sciencedirect.com/science/article/pii/0968090X9400015W},
	urldate = {23/02/12},
	volume = 3,
	year = 1995
}

@article{Jebbari2014Stackelberg,
	author = {Jebbari, Yasser and Krichene, Walid and Reilly, Jack D and Bayen, Alexandre M},
	booktitle = {Conference on Decision and Control (accepted)},
	journal = {Conference on Decision and Control (accepted)},
	title = {Stackelberg Thresholds on Parallel Networks with Horizontal Queues},
	year = 2014
}

@article{Jin2005Dynamical,
	author = {Jin, Wen-Long},
	booktitle = {Transportation Research Part B: Methodological},
	journal = {Transportation Research Part B: Methodological},
	number = 1,
	pages = 32,
	title = {A dynamical system model of the traffic assignment problem},
	url = {http://arxiv.org/abs/math/0503283},
	volume = 41,
	year = 2005
}

@article{Jin2012Kinematic,
	author = {Jin, Wen-Long},
	booktitle = {Transportation Research Part B: Methodological},
	issn = 01912615,
	journal = {Transportation Research Part B: Methodological},
	keywords = {lighthill,multi-commodity cell transmission model,richards model,whitham},
	month = 9,
	number = 8,
	pages = {1000-1022},
	publisher = {Elsevier Ltd},
	title = {A kinematic wave theory of multi-commodity network traffic flow},
	url = {http://linkinghub.elsevier.com/retrieve/pii/S0191261512000343},
	urldate = {15/08/12},
	volume = 46,
	year = 2012
}

@article{Joksimovic????Different,
	author = {Joksimovic, D. and Verhoef, E. and Bliemer, M. and Bovy, P.},
	booktitle = {Transportation},
	journal = {Transportation},
	title = {Different Policy Objectives of the Road Pricing Problem - a Game Theory Approach}
}

@article{Joret2008Stackelberg,
	author = {Joret, GwenaÃ«l},
	booktitle = {Networks},
	journal = {Networks},
	pages = {n/a-n/a},
	publisher = {Wiley Subscription Services, Inc., A Wiley Company},
	title = {Stackelberg Network Pricing is Hard to Approximate},
	url = {http://arxiv.org/abs/0812.0320},
	year = 2008
}

@article{Junk2005Asymptotic,
	author = {Junk, Michael and Klar, Axel and Luo, Li-Shi},
	booktitle = {Journal of Computational Physics},
	journal = {Journal of Computational Physics},
	number = 2,
	pages = {676-704},
	publisher = {Elsevier},
	title = {Asymptotic analysis of the lattice Boltzmann equation},
	volume = 210,
	year = 2005
}

@book{Kachroo2003Feedback,
	author = {Kachroo, P},
	publisher = {Springer},
	title = {Feedback ramp metering in intelligent transportation systems},
	url = {http://books.google.com/books?hl=en\&lr=\&id=NoEPuHL4JmcC\&oi=fnd\&pg=PA1\&dq=pushkin+ramp+metering\&ots=i7EL-npldV\&sig=B\_xKcKFkk1\_Ve-QxrNC0qZikQi8},
	urldate = {24/09/13},
	year = 2003
}

@misc{Kaufman201110,
	author = {Kaufman, R.},
	title = {10 Top Microfinance Companies.},
	url = {http://money.cnn.com/galleries/2011/smallbusiness/1107/gallery.top\_microfinance\_companies/index.html},
	year = 2011
}

@article{Keller2013Optimal,
	author = {Keller, Diana},
	booktitle = {Journal of Optimization Theory and Applications},
	issn = {0022-3239},
	journal = {Journal of Optimization Theory and Applications},
	keywords = {adjoint,gradient method,nonlinear stochastic schrÃ¶dinger equation,optimal control,problem},
	month = 9,
	title = {Optimal Control of a Nonlinear Stochastic Schrodinger Equation},
	url = {http://link.springer.com/10.1007/s10957-013-0399-0},
	urldate = {15/10/13},
	year = 2013
}

@article{Kelly2001Mathematical,
	author = {Kelly, F P},
	booktitle = {Mathematics unlimited-2001 and beyond},
	journal = {Mathematics unlimited-2001 and beyond},
	pages = {685-702},
	publisher = {Berlin: Springer-Verlag},
	title = {Mathematical modelling of the Internet},
	year = 2001
}

@article{Kelly2008Mathematics,
	author = {Kelly, F.},
	booktitle = {The Princeton companion to mathematics},
	journal = {The Princeton companion to mathematics},
	title = {The mathematics of traffic in networks},
	url = {http://www.statslab.cam.ac.uk/{	extasciitilde}frank/PAPERS/PRINCETON/pcm0052.pdf},
	urldate = {05/11/13},
	year = 2008
}

@misc{Kickstarter????Creator,
	author = {Kickstarter},
	number = 2013,
	title = {Creator Questions: Getting Started},
	url = {http://www.kickstarter.com/help/faq/creator questions}
}

@article{King2001Logistic,
	author = {King, Gary and Zeng, Langche},
	booktitle = {Political Analysis},
	institution = {Department of Government},
	isbn = 1047198714764989,
	issn = 10471987,
	journal = {Political Analysis},
	number = 2,
	pages = {137-163},
	publisher = {SPM-PMSAPSA},
	school = {Department of Government},
	series = {The Global Burden of Disease In Aging Populations},
	title = {Logistic Regression in Rare Events Data},
	url = {http://pan.oxfordjournals.org/cgi/content/abstract/9/2/137},
	volume = 9,
	year = 2001
}

@article{Kirchner2006Optimal,
	author = {Kirchner, Claus and Herty, Michael and GÃ¶ttlich, Simone and Klar, Axel},
	booktitle = {Networks and Heterogeneous Media},
	journal = {Networks and Heterogeneous Media},
	keywords = {able adaptive systems and,adjoint calculus,and phrases,and the,by the university of,conservation laws,depend-,graduiertenkolleg mathematik und,kaiserslautern,kaiserslautern excellence cluster,mathematical modeling,networks,of the university of,praxis,supply chains,this work was supported},
	number = 4,
	pages = {675-688},
	publisher = {Citeseer},
	title = {Optimal control for continuous supply network models},
	volume = 1,
	year = 2006
}

@misc{Kiva2013Our,
	author = {Kiva},
	title = {Our Field Partners},
	url = {http://www.kiva.org/partners},
	year = 2013
}

@article{Kotsialos2002Coordinated,
	author = {Kotsialos, Apostolos and Papageorgiou, Markos and Mangeas, Morgan and Haj-Salem, Habib},
	booktitle = {Transportation Research Part C: Emerging Technologies},
	journal = {Transportation Research Part C: Emerging Technologies},
	keywords = {integrated control,nonlinear optimisation,optimal control,ramp metering,route guidance},
	number = 1,
	pages = {65-84},
	publisher = {Elsevier},
	title = {Coordinated and integrated control of motorway networks via non-linear optimal control},
	volume = 10,
	year = 2002
}

@article{Kotsialos2004Nonlinear,
	author = {Kotsialos, Apostolos and Papageorgiou, Markos},
	booktitle = {IEEE Transactions on Control Systems Technology},
	issn = {1063-6536},
	journal = {IEEE Transactions on Control Systems Technology},
	month = 11,
	number = 6,
	pages = {920-933},
	publisher = {IEEE},
	title = {Nonlinear Optimal Control Applied to Coordinated Ramp Metering},
	url = {http://ieeexplore.ieee.org/lpdocs/epic03/wrapper.htm?arnumber=1347178},
	volume = 12,
	year = 2004
}

@article{Kotsialos2004Nonlineara,
	author = {Kotsialos, a. and Papageorgiou, M.},
	booktitle = {IEEE Transactions on Control Systems Technology},
	issn = {1063-6536},
	journal = {IEEE Transactions on Control Systems Technology},
	month = 11,
	number = 6,
	pages = {920-933},
	title = {Nonlinear Optimal Control Applied to Coordinated Ramp Metering},
	url = {http://ieeexplore.ieee.org/lpdocs/epic03/wrapper.htm?arnumber=1347178},
	volume = 12,
	year = 2004
}

@inproceedings{Koutsoupias1999WorstCase,
	author = {Koutsoupias, E and Papadimitriou, C},
	booktitle = {Proceedings of the 16th annual conference on Theoretical aspects of computer science},
	institution = {Springer-Verlag},
	journal = {Proceedings of the 16th annual conference on Theoretical aspects of computer science},
	pages = {404-413},
	school = {Springer-Verlag},
	title = {Worst-case equilibria},
	year = 1999
}

@inproceedings{Krichene2012On,
	author = {Krichene, Walid and Reilly, Jack and Amin, Saurabh and Bayen, Alexandre},
	booktitle = {2012 IEEE 51st IEEE Conference on Decision and Control (CDC)},
	institution = {IEEE},
	isbn = {978-1-4673-2066-5},
	journal = {2012 IEEE 51st IEEE Conference on Decision and Control (CDC)},
	month = 12,
	pages = {7126-7132},
	publisher = {Ieee},
	school = {IEEE},
	title = {On Stackelberg routing on parallel networks with horizontal queues},
	url = {http://ieeexplore.ieee.org/lpdocs/epic03/wrapper.htm?arnumber=6426526},
	year = 2012
}

@inproceedings{Krichene2012Ona,
	annote = {From Duplicate 1 ( On the Characterization and Computation of Nash Equilibria in Horizontal Queueing Networks - Krichene, W.; Reilly, J.; Amin, S.; Bayen, A.M. ) From Duplicate 1 ( Characterization and Computation of Nash Equilibria in Horizontal Queueing Networks - Reilly, Jack; Bayen, Alexandre M ) From Duplicate 2 ( On the Characterization and Computation of Nash Equilibria in Horizontal Queueing Networks - Krichene, Walid; Reilly, Jack; Bayen, Alexandre M ) From Duplicate 2 ( Stackelberg Routing on Horizontal Queueing Networks - Krichene, W.; Reilly, J.; Amin, S.; Bayen, A.M. )},
	author = {Krichene, W. and Reilly, J. and Amin, S. and Bayen, A.M.},
	booktitle = {Conference on Decision and Control},
	journal = {Conference on Decision and Control},
	note = {From Duplicate 1 ( On the Characterization and Computation of Nash Equilibria in Horizontal Queueing Networks - Krichene, W.; Reilly, J.; Amin, S.; Bayen, A.M. ) From Duplicate 1 ( Characterization and Computation of Nash Equilibria in Horizontal Queueing Networks - Reilly, Jack; Bayen, Alexandre M ) From Duplicate 2 ( On the Characterization and Computation of Nash Equilibria in Horizontal Queueing Networks - Krichene, Walid; Reilly, Jack; Bayen, Alexandre M ) From Duplicate 2 ( Stackelberg Routing on Horizontal Queueing Networks - Krichene, W.; Reilly, J.; Amin, S.; Bayen, A.M. )},
	title = {On the Characterization and Computation of Nash Equilibria in Horizontal Queueing Networks},
	year = 2012
}

@inproceedings{Krichene2012Onb,
	author = {Krichene, Walid and Reilly, Jack and Amin, Saurabh and Bayen, Alexandre},
	booktitle = {2012 IEEE 51st IEEE Conference on Decision and Control (CDC)},
	isbn = {978-1-4673-2066-5},
	journal = {2012 IEEE 51st IEEE Conference on Decision and Control (CDC)},
	keywords = {Game theory,Traffic control,Transportation networks},
	month = 12,
	pages = {7119-7125},
	publisher = {Ieee},
	title = {On the characterization and computation of Nash equilibria on parallel networks with horizontal queues},
	url = {http://ieeexplore.ieee.org/lpdocs/epic03/wrapper.htm?arnumber=6426543},
	year = 2012
}

@article{Krichene2013Stackelberg,
	author = {Krichene, Walid and Reilly, Jack and Amin, Saurabh and Bayen, Alexandre},
	booktitle = {Ieee Transactions On Automatic Control, to appear},
	isbn = {978-1-4673-2066-5},
	journal = {Ieee Transactions On Automatic Control, to appear},
	month = 12,
	pages = {1-32},
	publisher = {Ieee},
	title = {Stackelberg Routing on Parallel Networks with Horizontal Queues},
	year = 2013
}

@article{Krstic2008OutputFeedback,
	author = {Krstic, Miroslav and Guo, Bao-Zhu and Balogh, Andras and Smyshlyaev, Andrey},
	booktitle = {Automatica},
	issn = 00051098,
	journal = {Automatica},
	keywords = {backstepping,boundary control,distributed parameter systems,stabilization,wave equation},
	month = 1,
	number = 1,
	pages = {63-74},
	title = {Output-feedback stabilization of an unstable wave equation},
	url = {http://linkinghub.elsevier.com/retrieve/pii/S0005109807002580},
	urldate = {27/09/13},
	volume = 44,
	year = 2008
}

@article{Kruzkov1970First,
	author = {KruÅ¾kov, SN},
	booktitle = {Sbornik: Mathematics},
	journal = {Sbornik: Mathematics},
	number = 2,
	pages = {217--243},
	title = {First order quasilinear equations in several independent variables},
	url = {http://www.turpion.org/php/paper.phtml?journal\_id=sm\&paper\_id=2156},
	urldate = {03/10/13},
	volume = 10,
	year = 1970
}

@article{Kurzhanskiy2007Modeling,
	author = {Kurzhanskiy, Alex A},
	title = {Modeling and Software Tools for Freeway Operational Planning},
	year = 2007
}

@article{Kurzhanskiy2010Active,
	author = {Kurzhanskiy, Alex a and Varaiya, Pravin},
	booktitle = {Philosophical transactions. Series A, Mathematical, physical, and engineering sciences},
	issn = {1364-503X},
	journal = {Philosophical transactions. Series A, Mathematical, physical, and engineering sciences},
	month = 10,
	number = 1928,
	pages = {4607-26},
	title = {Active traffic management on road networks: a macroscopic approach.},
	url = {http://www.ncbi.nlm.nih.gov/pubmed/20819824},
	urldate = {10/06/11},
	volume = 368,
	year = 2010
}

@techreport{Kwon2000Modeling,
	author = {Kwon, Jaimyoung and Murphy, Kevin},
	title = {Modeling Freeway Traffic with Coupled HMMs},
	year = 2000
}

@article{Lam2009Coupled,
	author = {Lam, X. B. and Kim, Y. S. and Hoang, a. D. and Park, C. W.},
	booktitle = {Journal of Optimization Theory and Applications},
	isbn = 1095700995,
	issn = {0022-3239},
	journal = {Journal of Optimization Theory and Applications},
	month = 3,
	number = 3,
	pages = {533-556},
	title = {Coupled Aerostructural Design Optimization Using the Kriging Model and Integrated Multiobjective Optimization Algorithm},
	url = {http://link.springer.com/10.1007/s10957-009-9520-9},
	urldate = {27/09/13},
	volume = 142,
	year = 2009
}

@misc{Lamm2011As,
	author = {Lamm, G.},
	title = {As more people go bankless, tech opportunities open up.},
	url = {http://www.bizjournals.com/seattle/blog/techflash/2012/09/more-people-go-bankless.html?page=all},
	year = 2011
}

@book{Lay1995Modern,
	author = {Lay, T and Wallace, T C},
	publisher = {Academic Pr},
	title = {Modern global seismology},
	volume = 58,
	year = 1995
}

@inproceedings{Lebacque1996Godunov,
	author = {Lebacque, J P},
	booktitle = {Internaional symposium on transportation and traffic theory},
	journal = {Internaional symposium on transportation and traffic theory},
	pages = {647-677},
	title = {The Godunov scheme and what it means for first order traffic flow models},
	year = 1996
}

@article{Lebacque????Godunov,
	author = {Lebacque, J P},
	title = {Godunov}
}

@unpublished{Leblanc2012Which,
	author = {Leblanc, R. and Walker, J. L.},
	title = {Which is the biggest carrot? Comparing non-traditional incentives for demand management},
	year = 2012
}

@article{Lemarechal2006S,
	author = {Lemarechal, C},
	booktitle = {European Journal Of Operational Research},
	issn = 03772217,
	journal = {European Journal Of Operational Research},
	number = 1,
	pages = {326-327},
	title = {S. Boyd, L. Vandenberghe, Convex Optimization, Cambridge University Press, 2004 hardback, 65 US, ISBN 0 521 83378 7.},
	url = {http://linkinghub.elsevier.com/retrieve/pii/S0377221705001529},
	volume = 170,
	year = 2006
}

@book{Leveque2007Finite,
	author = {LeVeque, R J},
	isbn = 9780898716290,
	keywords = {pde numerical conservation flux traffic fundamenta},
	publisher = {Society for Industrial and Applied Mathematics},
	series = {Classics in Applied Mathematics Classics in Applied Mathemat},
	title = {Finite difference methods for ordinary and partial differential equations: steady-state and time-dependent problems},
	url = {http://books.google.com/books?id=Cbx7QgAACAAJ},
	year = 2007
}

@article{Lewis2004Rcv1,
	author = {Lewis, David D and Yang, Yiming and Rose, Tony G and Li, Fan},
	booktitle = {Corpus},
	isbn = 0897914481,
	issn = 15337928,
	journal = {Corpus},
	pages = {361-397},
	publisher = {JMLR. org},
	title = {RCV1: A New Benchmark Collection for Text Categorization Research},
	url = {http://portal.acm.org/citation.cfm?id=1005345},
	volume = 5,
	year = 2004
}

@article{Li1999Linear,
	author = {Li, Y and Ziliaskopoulos, A K},
	booktitle = {Transportation Research Record},
	journal = {Transportation Research Record},
	number = 99,
	pages = {52-59},
	title = {Linear Programming Formulations for System Optimum Dynamic Traffic Assignment with Arrival Time - Based and Departure Time - Based Demands},
	volume = 1667,
	year = 1999
}

@article{Li2013Optimal,
	author = {Li, Lingfei},
	number = 847,
	title = {Optimal Stopping and Early Exercise : An Eigenfunction Expansion Approach},
	year = 2013
}

@inproceedings{Lien2009Manet,
	author = {Lien, Y N and Jang, H C and Tsai, T C},
	booktitle = {2009 29th IEEE International Conference on Distributed Computing Systems Workshops},
	institution = {IEEE},
	journal = {2009 29th IEEE International Conference on Distributed Computing Systems Workshops},
	pages = {412-417},
	school = {IEEE},
	title = {A MANET based emergency communication and information system for catastrophic natural disasters},
	year = 2009
}

@article{Lighthill1955On,
	author = {Lighthill, M.J. and Whitham, G.B.},
	booktitle = {Proceedings of the Royal Society of London. Series A. Mathematical and Physical Sciences},
	journal = {Proceedings of the Royal Society of London. Series A. Mathematical and Physical Sciences},
	keywords = {macroscopic traffic flow theory},
	number = 1178,
	pages = 317,
	publisher = {The Royal Society},
	title = {On kinematic waves. II. A theory of traffic flow on long crowded roads},
	volume = 229,
	year = 1955
}

@article{Lighthill1955Ona,
	author = {Lighthill, M J and Whitham, G B},
	booktitle = {Proceedings of the Royal Society of London. Series A. Mathematical and Physical Sciences},
	journal = {Proceedings of the Royal Society of London. Series A. Mathematical and Physical Sciences},
	keywords = {macroscopic traffic flow theory},
	number = 1178,
	pages = 317,
	publisher = {The Royal Society},
	title = {On kinematic waves. II. A theory of traffic flow on long crowded roads},
	volume = 229,
	year = 1955
}

@article{Lin2012Design,
	author = {Lin, Fu and Fardad, Makan and Jovanovi, Mihailo R},
	pages = {1-32},
	title = {Design of Optimal Sparse Feedback Gains via the Alternating Direction Method of Multipliers},
	year = 2012
}

@article{Litrico2009Boundary,
	author = {Litrico, Xavier and Fromion, Vincent},
	booktitle = {Automatica},
	journal = {Automatica},
	number = 3,
	pages = {647-656},
	publisher = {Elsevier},
	title = {Boundary control of hyperbolic conservation laws using a frequency domain approach},
	volume = 45,
	year = 2009
}

@article{Liu1989On,
	author = {Liu, Dong C and Nocedal, Jorge},
	booktitle = {Mathematical Programming},
	issn = 00255610,
	journal = {Mathematical Programming},
	number = {1-3},
	pages = {503-528},
	publisher = {Springer},
	title = {On the limited memory BFGS method for large scale optimization},
	url = {http://www.springerlink.com/index/10.1007/BF01589116},
	volume = 45,
	year = 1989
}

@inproceedings{Lo1999Dynamic,
	author = {Lo, H K},
	booktitle = {Proceedings of the 14th International Symposium on Transportation and Traffic Theory},
	journal = {Proceedings of the 14th International Symposium on Transportation and Traffic Theory},
	pages = {327-350},
	title = {A dynamic traffic assignment formulation that encapsulates the cell-transmission model},
	year = 1999
}

@article{Lo2002CellBased,
	author = {Lo, H. K. and Szeto, W. Y.},
	booktitle = {Transportation Research Part B: Methodological},
	journal = {Transportation Research Part B: Methodological},
	number = 5,
	pages = {421-443},
	publisher = {Elsevier},
	title = {A cell-based variational inequality formulation of the dynamic user optimal assignment problem},
	volume = 36,
	year = 2002
}

@article{Looze1978On,
	author = {Looze, D and Houpt, P},
	booktitle = {Automatic Control, IEEE â¦},
	journal = {Automatic Control, IEEE â¦},
	pages = {268-275},
	title = {On Decentralized Estimation and Control with Application to Freeway Ramp Metering},
	url = {http://ieeexplore.ieee.org/xpls/abs\_all.jsp?arnumber=1101706},
	urldate = {01/11/12},
	year = 1978
}

@article{Maille2009Eliciting,
	author = {Maille, P. and Stier-Moses, N. E.},
	booktitle = {Transportation Science},
	issn = {0041-1655},
	journal = {Transportation Science},
	keywords = {16,2009,accepted,april 2009,articles advance october,articles in advance october,cities in the world,cities world,congestion in most large,congestion most large,history,is preva-,march 2009,network pricing,preva,price anarchy,price of anarchy,published online,published online in,received,revision received,september 2008,stackelberg games,subsidies as incentives,subsidies incentives,wardrop equilibrium},
	month = 10,
	number = 4,
	pages = {473-492},
	title = {Eliciting Coordination with Rebates},
	url = {http://transci.journal.informs.org/cgi/doi/10.1287/trsc.1090.0287},
	urldate = {09/01/12},
	volume = 43,
	year = 2009
}

@article{Manavalan2009Emerging,
	author = {Manavalan, Priyadarshini},
	title = {Emerging Properties of Knowledge Sharing Referral Networks: Considerations of Effectiveness and Fairness},
	url = {http://citeseerx.ist.psu.edu/viewdoc/download?doi=10.1.1.140.9247\&amp;rep=rep1\&amp;type=pdf},
	urldate = {30/04/12},
	year = 2009
}

@misc{Marino2005Beyond,
	author = {Marino, P.},
	title = {Beyond Economic Benefits: The contribution of microfinance to post-conflict recovery in Asia and the Pacific.},
	url = {http://www.gdrc.org/icm/country/fdc-afgan.pdf},
	year = 2005
}

@misc{Mateos2010Distributed,
	author = {Mateos, G and Bazerque, J A and Giannakis, G B},
	booktitle = {IEEE Transactions on Signal Processing},
	issn = {1053587X},
	journal = {IEEE Transactions on Signal Processing},
	keywords = {distributed linear regression,lasso,parallel optimization,sparse estimation},
	number = 10,
	pages = {5262-5276},
	publisher = {IEEE},
	title = {Distributed Sparse Linear Regression},
	url = {http://ieeexplore.ieee.org/lpdocs/epic03/wrapper.htm?arnumber=5499155},
	volume = 58,
	year = 2010
}

@article{Mccarthy1960Recursive,
	author = {Mccarthy, John},
	booktitle = {Most},
	journal = {Most},
	number = {April},
	pages = {1-34},
	title = {Recursive Functions of Symbolic Expressions and Their Computation by Machine , Part I},
	year = 1960
}

@article{Melillo????Fast,
	author = {Melillo, VPD and Policlinico, V del},
	booktitle = {iac.rm.cnr.it},
	journal = {iac.rm.cnr.it},
	number = 0,
	pages = {1-22},
	title = {Fast Algorithms for the Approximation of Traffic Flow Model on Networks},
	url = {http://www.iac.rm.cnr.it/{	extasciitilde}bretti/bnp2.pdf},
	urldate = {22/08/12},
	volume = {X}
}

@article{Merugu2009Incentive,
	author = {Merugu, D. and Prabhakar, B.S. and Rama, N.S.},
	booktitle = {NetEcon, ACM Workshop on the Economics of Networked Systems},
	journal = {NetEcon, ACM Workshop on the Economics of Networked Systems},
	title = {An incentive mechanism for decongesting the roads: A pilot program in bangalore},
	url = {http://simula.stanford.edu/Incentive\_mechanisms/NetEcon\_final.pdf},
	urldate = {10/08/12},
	year = 2009
}

@article{Messmer1990Metanet,
	author = {Messmer, A and Papageorgiou, M},
	booktitle = {Traffic Engineering and Control},
	issn = 00410683,
	journal = {Traffic Engineering and Control},
	number = {8-9},
	pages = {466-470},
	publisher = {Hemming},
	title = {METANET: A macroscopic simulation program for motorway networks},
	url = {http://cat.inist.fr/?aModele=afficheN\&cpsidt=19333173},
	volume = 31,
	year = 1990
}

@article{Meunier2010Equilibrium,
	author = {Meunier, F. and Wagner, N.},
	booktitle = {Transportation Science},
	issn = {0041-1655},
	journal = {Transportation Science},
	keywords = {dynamic user equilibrium,nash equilibrium,nonatomic games,transportation network,wardrop},
	month = 9,
	number = 4,
	pages = {524-536},
	title = {Equilibrium Results for Dynamic Congestion Games},
	url = {http://transci.journal.informs.org/cgi/doi/10.1287/trsc.1100.0329},
	urldate = {01/03/12},
	volume = 44,
	year = 2010
}

@article{Mining????Springer,
	author = {Mining, Data},
	title = {Springer Series in Statistics The Elements of}
}

@article{Mohammadi2004Shape,
	author = {Mohammadi, Bijan and Pironneau, Olivier},
	booktitle = {Annual Review of Fluid Mechanics},
	issn = {0066-4189},
	journal = {Annual Review of Fluid Mechanics},
	keywords = {adaptation,aerodynamics,and compati-,applications,complexity,design,existence,field both,for fluids,i abstract this paper,is a short and,mathematically and for industrial,nonexhaustive survey of some,opments in optimal shape,osd,osd is an interesting,recent devel-,sensitivity,shape design},
	month = 1,
	number = 1,
	pages = {255-279},
	title = {Shape Optimization in Fluid Mechanics},
	url = {http://arjournals.annualreviews.org/doi/abs/10.1146/annurev.fluid.36.050802.121926},
	urldate = {28/02/13},
	volume = 36,
	year = 2004
}

@article{Moin1994Feedback,
	author = {Moin, Parviz and Bewley, Thomas},
	booktitle = {Applied Mechanics Reviews},
	issn = 00036900,
	journal = {Applied Mechanics Reviews},
	number = {6S},
	pages = {S3},
	title = {Feedback Control of Turbulence},
	url = {http://appliedmechanicsreviews.asmedigitalcollection.asme.org/article.aspx?articleid=1395132},
	volume = 47,
	year = 1994
}

@article{Monache2013PdeOde,
	author = {Delle Monache, M L and Reilly, J and Samaranayake, S and Krichene, W and Bayen, A M},
	booktitle = {SIAM J. Appl. Math., to appear},
	journal = {SIAM J. Appl. Math., to appear},
	keywords = {macroscopic,pde-ode systems,riemann problem,scalar conservation laws},
	title = {A PDE-ODE model for a junction with ramp buffer},
	year = 2013
}

@book{Moore????Linear,
	author = {Moore, Ramon E and Bloom, Frederick},
	isbn = {089871334X},
	title = {Linear Matrix Inequalities in System and Control Theory SIAM Studies in Applied Mathematics}
}

@article{Morgan2003Spite,
	author = {Morgan, J and Steiglitz, K and Reis, G},
	booktitle = {The BE Journal of Economic Analysis \& Policy},
	journal = {The BE Journal of Economic Analysis \& Policy},
	number = 1,
	pages = 5,
	publisher = {bepress},
	title = {The spite motive and equilibrium behavior in auctions},
	volume = 2,
	year = 2003
}

@article{Moseley2006Out,
	author = {Moseley, Ben and Marks, Peter},
	booktitle = {Complexity},
	journal = {Complexity},
	pages = {1-66},
	title = {Out of the Tar Pit},
	year = 2006
}

@article{Mota2010Distributed,
	author = {Mota, JoÃ£o F C and Xavier, JoÃ£o M F and Aguiar, Pedro M Q and PÃ¼schel, Markus},
	booktitle = {Computer Engineering},
	institution = {Institut National de Recherche en Informatique et en Automatique},
	journal = {Computer Engineering},
	pages = {1-15},
	school = {Institut National de Recherche en Informatique et en Automatique},
	title = {Distributed Basis Pursuit},
	url = {http://arxiv.org/abs/1009.1128},
	volume = 2008,
	year = 2010
}

@article{Moura2010Stochastic,
	author = {Moura, Scott Jason and Fathy, Hosam K and Callaway, Duncan S and Stein, Jeffrey L},
	pages = {1-11},
	title = {A Stochastic Optimal Control Approach for Power Management in Plug-In Hybrid Electric Vehicles},
	year = 2010
}

@article{Moura????Weak,
	author = {Moura, Scott J},
	title = {Weak Variations Optimal Boundary Control of Hyperbolic PDEs with Application to Traffic Flow and Delay Systems}
}

@article{Mueller2005On,
	author = {MÃ¼ller, J-D and Cusdin, P},
	booktitle = {International journal for numerical methods in fluids},
	journal = {International journal for numerical methods in fluids},
	number = {8-9},
	pages = {939-945},
	publisher = {Wiley Online Library},
	title = {On the performance of discrete adjoint CFD codes using automatic differentiation},
	volume = 47,
	year = 2005
}

@article{Muller2005On,
	author = {Muller, J and Cusdin, P},
	keywords = {adifor,automatic di erentiation,cfd,discrete adjoint,taf,tamc,tapenade},
	number = {April 2004},
	pages = {939-945},
	title = {On the performance of discrete adjoint CFD codes using automatic di erentiation},
	year = 2005
}

@inproceedings{Munoz2005Traffic,
	author = {MuÃ±oz, L and Sun, X and Horowitz, R and Alvarez, L and Munoz, L},
	booktitle = {American Control Conference, 2003. Proceedings of the 2003},
	institution = {IEEE},
	journal = {American Control Conference, 2003. Proceedings of the 2003},
	pages = {3750-3755},
	school = {IEEE},
	title = {Traffic Density Estimation with the Cell Transmission Model},
	volume = 5,
	year = 2005
}

@article{Muralidharan2009Freeway,
	author = {Muralidharan, Ajith and Dervisoglu, Gunes and Horowitz, Roberto},
	booktitle = {2009 American Control Conference},
	isbn = {978-1-4244-4523-3},
	journal = {2009 American Control Conference},
	keywords = {Iterative learning control,Large scale systems,Modeling and simulation},
	pages = {2916-2921},
	publisher = {Ieee},
	title = {Freeway traffic flow simulation using the Link Node Cell transmission model},
	url = {http://ieeexplore.ieee.org/lpdocs/epic03/wrapper.htm?arnumber=5160597},
	year = 2009
}

@article{Muralidharan2009Imputation,
	author = {Muralidharan, Ajith and Horowitz, Roberto},
	booktitle = {Transportation Research Record: Journal of the Transportation Research Board},
	issn = {0361-1981},
	journal = {Transportation Research Record: Journal of the Transportation Research Board},
	month = 1,
	number = {-1},
	pages = {58-64},
	title = {Imputation of Ramp Flow Data for Freeway Traffic Simulation},
	url = {http://trb.metapress.com/openurl.asp?genre=article\&id=doi:10.3141/2099-07},
	urldate = {27/06/12},
	volume = 2099,
	year = 2009
}

@inproceedings{Muralidharan2012Optimal,
	annote = {From Duplicate 1 ( Optimal control of freeway networks based on the Link Node Cell Transmission model . - Muralidharan, Ajith; Horowitz, Roberto )},
	author = {Muralidharan, Ajith and Horowitz, Roberto},
	booktitle = {American Control Conference (ACC), 2012},
	institution = {IEEE},
	journal = {American Control Conference (ACC), 2012},
	note = {From Duplicate 1 ( Optimal control of freeway networks based on the Link Node Cell Transmission model . - Muralidharan, Ajith; Horowitz, Roberto )},
	number = {c},
	pages = {5769-5774},
	school = {IEEE},
	title = {Optimal control of freeway networks based on the link node cell transmission model},
	year = 2012
}

@article{Nadav2010Limits,
	author = {Nadav, U and Roughgarden, T},
	booktitle = {Internet and Network Economics},
	journal = {Internet and Network Economics},
	pages = {319-326},
	publisher = {Springer},
	title = {The limits of smoothness: a primal-dual framework for price of anarchy bounds},
	year = 2010
}

@article{Nagurney2002Variational,
	author = {Nagurney, Anna},
	booktitle = {Management},
	journal = {Management},
	title = {Variational Inequalities},
	year = 2002
}

@book{Nemirovski2009Copyright,
	author = {Nemirovski, A and Juditsky, A and Lan, G and Shapiro, A},
	isbn = 0001405101,
	keywords = {complexity,gramming,minimax problems,mirror descent al-,monte carlo sampling,saddle point,sample average approximation method,stochastic approximation,stochastic pro-},
	number = 4,
	pages = {1574-1609},
	title = {Copyright Â© by SIAM . Unauthorized reproduction of this article is prohibited .},
	volume = 19,
	year = 2009
}

@inproceedings{Neumann1999Augmented,
	author = {Neumann, U and You, S and Cho, Y and Lee, J and Park, J},
	booktitle = {International Symposium on Mixed Realities},
	institution = {Citeseer},
	journal = {International Symposium on Mixed Realities},
	school = {Citeseer},
	title = {Augmented reality tracking in natural environments},
	volume = 24,
	year = 1999
}

@article{Newmark1982Earthquake,
	author = {Newmark, N M and Hall, W J},
	booktitle = {Earth System Dynamics},
	journal = {Earth System Dynamics},
	title = {Earthquake spectra and design},
	volume = 1,
	year = 1982
}

@techreport{Nguyen????Continuous,
	author = {Nguyen, N. T.},
	booktitle = {Preprint},
	journal = {Preprint},
	number = 3,
	pages = {1-9},
	title = {Continuous Adjoint-Based Optimization of Hyperbolic Equations with Nonlinear Differential Equation Constraints on Periodic Boundary Conditions},
	url = {http://ti.arc.nasa.gov/m/pub-archive/1225h/1225 (Nguyen).pdf},
	urldate = {21/10/13}
}

@article{Nie2007Solving,
	author = {Nie, Yu (Marco) and Zhang, H. M.},
	booktitle = {Networks and Spatial Economics},
	issn = {1566-113X},
	journal = {Networks and Spatial Economics},
	keywords = {assignment,dynamic network loading,dynamic user optimal traffic,feasible direction algorithms,variational inequality},
	month = 6,
	number = 1,
	pages = {49-71},
	title = {Solving the Dynamic User Optimal Assignment Problem Considering Queue Spillback},
	url = {http://www.springerlink.com/index/10.1007/s11067-007-9022-y},
	urldate = {08/12/11},
	volume = 10,
	year = 2007
}

@article{Nie2009Shortest,
	author = {Nie, Yu Marco and Wu, Xing},
	booktitle = {Transportation Research Part B},
	issn = {0191-2615},
	journal = {Transportation Research Part B},
	number = 6,
	pages = {597-613},
	publisher = {Elsevier Ltd},
	title = {Shortest path problem considering on-time arrival probability},
	url = {http://dx.doi.org/10.1016/j.trb.2009.01.008},
	volume = 43,
	year = 2009
}

@article{Nie2010Existence,
	author = {Nie, Y. and Liu, Y.},
	booktitle = {Transportation Research Part A: Policy and Practice},
	issn = 09658564,
	journal = {Transportation Research Part A: Policy and Practice},
	month = 1,
	number = 1,
	pages = {39-51},
	publisher = {Elsevier Ltd},
	title = {Existence of self-financing and Pareto-improving congestion pricing: Impact of value of time distribution},
	url = {http://linkinghub.elsevier.com/retrieve/pii/S0965856409001001},
	urldate = {17/02/12},
	volume = 44,
	year = 2010
}

@article{Nie2010Existencea,
	author = {Nie, Yu Marco and Liu, Yang},
	booktitle = {Transportation Research Part A: Policy and Practice},
	issn = 09658564,
	journal = {Transportation Research Part A: Policy and Practice},
	pages = {39-51},
	title = {Existence of self-financing and Pareto-improving congestion pricing: Impact of value of time distribution},
	volume = 44,
	year = 2010
}

@article{Nie2011CellBased,
	author = {Nie, Yu (Marco)},
	booktitle = {Transportation Research Part B: Methodological},
	issn = 01912615,
	journal = {Transportation Research Part B: Methodological},
	keywords = {system optimum dynamic traffic},
	month = 2,
	number = 2,
	pages = {329-342},
	publisher = {Elsevier Ltd},
	title = {A cell-based Merchant-Nemhauser model for the system optimum dynamic traffic assignment problem},
	url = {http://linkinghub.elsevier.com/retrieve/pii/S0191261510000962},
	urldate = {31/12/12},
	volume = 45,
	year = 2011
}

@book{Nisan2007Algorithmic,
	author = {Nisan, N},
	booktitle = {Design},
	isbn = 9780521872829,
	journal = {Design},
	publisher = {Cambridge Univ Pr},
	title = {Algorithmic game theory},
	year = 2007
}

@book{Nocedal1999Numerical,
	author = {Nocedal, Jorge and Wright, SJ},
	isbn = 0387987932,
	title = {Numerical optimization},
	url = {http://books.google.com/books?hl=en\&lr=\&id=w1kJYpOkPykC\&oi=fnd\&pg=PA1\&dq=Numerical+Optimization\&ots=64Ldw7KEwT\&sig=A0nqt1toQBa711EwRqVfPergTws},
	urldate = {03/09/12},
	year = 1999
}

@article{Nowakowski2012Dynamic,
	author = {Nowakowski, a. and Popa, a.},
	booktitle = {Journal of Optimization Theory and Applications},
	issn = {0022-3239},
	journal = {Journal of Optimization Theory and Applications},
	keywords = {cancer therapy,dynamic programming,function,hamilton,jacobi inequality,Îµ -optimal control problems,Îµ -value},
	month = 8,
	number = 2,
	pages = {365-379},
	title = {A Dynamic Programming Approach for Approximate Optimal Control for Cancer Therapy},
	url = {http://link.springer.com/10.1007/s10957-012-0137-z},
	urldate = {15/10/13},
	volume = 156,
	year = 2012
}

@article{Nowzari2011SelfTriggered,
	author = {Nowzari, Cameron and CortÃ©s, Jorge},
	booktitle = {American Control Conference},
	isbn = 9781457700798,
	journal = {American Control Conference},
	keywords = {robotic networks,self triggered control,set valued analysis,spatial partitioning,uncertain information},
	pages = {1039-1044},
	title = {Self-triggered coordination of robotic networks for optimal deployment},
	year = 2011
}

@article{Obenshain????Community,
	author = {Obenshain, D and Chandy, K M and Chandy, R and Clayton, R and Krause, A and Olson, M and Rosenberg, D and Tang, A},
	title = {Community Seismic Network}
}

@inproceedings{Papadimitriou2001Algorithms,
	address = {New York, New York, USA},
	author = {Papadimitriou, C.},
	booktitle = {Proceedings of the thirty-third annual ACM symposium on Theory of computing - STOC '01},
	isbn = 1581133499,
	journal = {Proceedings of the thirty-third annual ACM symposium on Theory of computing - STOC '01},
	month = 7,
	pages = {749-753},
	publisher = {ACM Press},
	title = {Algorithms, games, and the internet},
	url = {http://dl.acm.org/citation.cfm?id=380752.380883 http://dl.acm.org/citation.cfm?id=380883??},
	urldate = {10/08/12},
	year = 2001
}

@article{Papadimitriou2006Copyright,
	author = {Papadimitriou, C H and Vazirani, U V},
	title = {Copyright c 2006 S. Dasgupta, C. H. Papadimitriou, and U. V. Vazirani July 18, 2006},
	year = 2006
}

@article{Papadimitriou2008Computing,
	author = {Papadimitriou, Christos H and Roughgarden, Tim},
	booktitle = {Journal of the ACM},
	isbn = 1581139608,
	issn = 00045411,
	journal = {Journal of the ACM},
	number = 3,
	pages = {1-29},
	publisher = {ACM},
	title = {Computing correlated equilibria in multi-player games},
	url = {http://portal.acm.org/citation.cfm?doid=1379759.1379762},
	volume = 55,
	year = 2008
}

@article{Papadimitriou2010New,
	author = {Papadimitriou, C and Valiant, G},
	booktitle = {Innovations in Computer Science (ICS)},
	journal = {Innovations in Computer Science (ICS)},
	title = {A new look at selfish routing},
	year = 2010
}

@article{Papadimitriou2010Selfish,
	author = {Papadimitriou, C.},
	booktitle = {Science},
	journal = {Science},
	title = {Selfish Routers and the Price of Anarchy},
	url = {http://http.cs.berkeley.edu/{	extasciitilde}christos/papers/selfishrouters.pdf},
	urldate = {04/04/12},
	year = 2010
}

@article{Papadopoulos2012Optimal,
	author = {Papadopoulos, D.},
	isbn = 9780735410916,
	keywords = {02,60,70,automated code generation,dh,finite element method,lj,numerical optimization,pacs,partial differential equations,pn},
	pages = {2249-2252},
	title = {Optimal control of coupled PDE networks with automated code generation},
	url = {http://link.aip.org/link/APCPCS/v1479/i1/p2249/s1\&Agg=doi},
	urldate = {04/04/13},
	volume = 2252,
	year = 2012
}

@article{Papageorgiou1989Macroscopic,
	author = {Papageorgiou, M and Blosseville, J M and Hadj-Salem, H},
	booktitle = {Transportation Research Part B: Methodological},
	journal = {Transportation Research Part B: Methodological},
	number = 1,
	pages = {29-47},
	publisher = {Elsevier},
	title = {Macroscopic modelling of traffic flow on the Boulevard P\{Ã©\}riph\{Ã©\}rique in Paris},
	volume = 23,
	year = 1989
}

@article{Papageorgiou1990Dynamic,
	author = {Papageorgiou, Markos},
	booktitle = {Traffic},
	journal = {Traffic},
	number = 6,
	pages = {471-495},
	title = {DYNAMIC MODELING , ASSIGNMENT , AND ROUTE},
	volume = 240,
	year = 1990
}

@article{Papageorgiou1990Dynamica,
	author = {Papageorgiou, M.},
	booktitle = {Transportation Research Part B: Methodological},
	issn = 01912615,
	journal = {Transportation Research Part B: Methodological},
	month = 12,
	number = 6,
	pages = {471-495},
	title = {Dynamic modeling, assignment, and route guidance in traffic networks},
	url = {http://dx.doi.org/10.1016/0191-2615(90)90041-V},
	urldate = {10/08/12},
	volume = 24,
	year = 1990
}

@article{Papageorgiou1991Alinea,
	author = {Papageorgiou, M},
	booktitle = {Transportation Research Record},
	journal = {Transportation Research Record},
	pages = {58-64},
	title = {ALINEA: A local feedback control law for on-ramp metering},
	url = {http://trid.trb.org/view.aspx?id=365587},
	urldate = {22/10/12},
	volume = 1320,
	year = 1991
}

@article{Papamichail2008TrafficResponsive,
	author = {Papamichail, I. and Papageorgiou, M.},
	booktitle = {IEEE Transactions on Intelligent Transportation Systems},
	issn = {1524-9050},
	journal = {IEEE Transactions on Intelligent Transportation Systems},
	month = 3,
	number = 1,
	pages = {111-121},
	title = {Traffic-Responsive Linked Ramp-Metering Control},
	url = {http://ieeexplore.ieee.org/lpdocs/epic03/wrapper.htm?arnumber=4432798},
	volume = 9,
	year = 2008
}

@article{Papamichail2010Coordinated,
	author = {Papamichail, Ioannis and Kotsialos, Apostolos and Margonis, Ioannis and Papageorgiou, Markos},
	booktitle = {Transportation Research Part C: Emerging Technologies},
	issn = {0968090X},
	journal = {Transportation Research Part C: Emerging Technologies},
	keywords = {coordinated ramp metering,hierarchical control,model-predictive control},
	month = 6,
	number = 3,
	pages = {311-331},
	publisher = {Elsevier Ltd},
	title = {Coordinated ramp metering for freeway networks - A model-predictive hierarchical control approach},
	url = {http://linkinghub.elsevier.com/retrieve/pii/S0968090X08000892},
	urldate = {25/09/13},
	volume = 18,
	year = 2010
}

@article{Papamichail2010Heuristic,
	author = {Papamichail, Ioannis and Papageorgiou, Markos and Vong, Vincent and Gaffney, John},
	booktitle = {Transportation Research Record: Journal of the Transportation Research Board},
	journal = {Transportation Research Record: Journal of the Transportation Research Board},
	number = 1,
	pages = {10-20},
	publisher = {Trans Res Board},
	title = {Heuristic ramp-metering coordination strategy implemented at monash freeway, australia},
	volume = 2178,
	year = 2010
}

@article{Parkinson1996Global,
	author = {Parkinson, B W and Spilker, J J and Axelrad, P and Enge, P},
	booktitle = {Progress in astronautics and aeronautics},
	journal = {Progress in astronautics and aeronautics},
	title = {Global Positioning System: Theory and Applications Volume II},
	volume = 163,
	year = 1996
}

@book{Patriksson1994Traffic,
	author = {Patriksson, M.},
	booktitle = {Annals of Physics},
	isbn = 9067641812,
	journal = {Annals of Physics},
	number = 2,
	pages = {xii, 223 p.},
	publisher = {VSP Intl Science},
	title = {The Traffic Assignment Problem: Models and Methods},
	url = {http://www.mendeley.com/research/no-title-avail/ http://scholar.google.com/scholar?hl=en\&btnG=Search\&q=intitle:the+traffic+assignment+problem+-+models+and+methods\#0},
	urldate = {23/02/12},
	volume = 54,
	year = 1994
}

@article{Pedersen2008Matrix,
	author = {Pedersen, Michael Syskind and Baxter, Bill and Templeton, Brian and RishÃ¸j, Christian and Theobald, Douglas L and Hoegh-rasmussen, Esben and Casteel, Glynne and Gao, Jun Bin and Dedecius, Kamil and Strim-, Korbinian and Christiansen, Lars and Hansen, Lars Kai and Wilkinson, Leland and He, Liguo and Bar, Miguel and Winther, Ole and Sakov, Pavel and Hattinger, Stephan},
	keywords = {acknowledgements,and suggestions,bill baxter,brian templeton,christian,christian rishÃ¸j,contributions,derivative of,derivative of inverse matrix,determinant,differentiate a matrix,matrix algebra,matrix identities,matrix relations,thank the following for,we would like to},
	title = {The Matrix Cookbook [},
	year = 2008
}

@article{Peeta1995System,
	author = {Peeta, Srinivas},
	booktitle = {Annals of Operations Research},
	journal = {Annals of Operations Research},
	pages = {81-113},
	title = {System optimal and user equilibrium time-dependent traffic assignment in congested networks},
	volume = 60,
	year = 1995
}

@article{Peeta2001Foundations,
	author = {Peeta, S. and Ziliaskopoulos, A.K. K},
	booktitle = {Networks and Spatial Economics},
	journal = {Networks and Spatial Economics},
	keywords = {c assignment,dynamic traf,planning,real-time deployment},
	number = 3,
	pages = {233-265},
	publisher = {Springer},
	title = {Foundations of dynamic traffic assignment: The past, the present and the future},
	url = {http://www.springerlink.com/index/H7H27V3651155804.pdf},
	urldate = {22/02/12},
	volume = 1,
	year = 2001
}

@article{Peeta????Content,
	author = {Peeta, Srinivas and Ramos, Jorge L and Pasupathy, Raghubhushan},
	number = 00,
	pages = {102-108},
	title = {Content of Variable Message Signs and On-Line Driver Behavior}
}

@misc{Philanthropedia2012Ranked,
	author = {Philanthropedia},
	title = {Ranked Nonprofits: International Microfinance 2012},
	url = {http://www.myphilanthropedia.org/top-nonprofits/international/microfinance/2012},
	year = 2012
}

@article{Philosophy2006Distributed,
	author = {Philosophy, Doctor O F},
	title = {Distributed Model Predictive Control : Theory and Applications},
	year = 2006
}

@article{Pickett1963Acoustic,
	author = {Pickett, G R},
	booktitle = {Journal of Petroleum Technology},
	journal = {Journal of Petroleum Technology},
	number = 6,
	pages = {659-667},
	publisher = {Society of Petroleum Engineers},
	title = {Acoustic character logs and their applications in formation evaluation},
	volume = 15,
	year = 1963
}

@article{Pierce2004Adjoint,
	author = {Pierce, Niles a. and Giles, Michael B.},
	booktitle = {Journal of Computational Physics},
	issn = 00219991,
	journal = {Journal of Computational Physics},
	keywords = {1991 msc,65g99,76n15,adjoint,defect,error bounding,error correction,functionals},
	month = 11,
	number = 2,
	pages = {769-794},
	title = {Adjoint and defect error bounding and correction for functional estimates},
	url = {http://linkinghub.elsevier.com/retrieve/pii/S0021999104001883},
	urldate = {22/08/12},
	volume = 200,
	year = 2004
}

@inproceedings{Piggott2010Incorporation,
	author = {Foulser-piggott, Roxane and Stafford, Peter J},
	booktitle = {Recent Advances in Geotechnical Earthquake Engineering and Soil Dynamics},
	journal = {Recent Advances in Geotechnical Earthquake Engineering and Soil Dynamics},
	number = 4,
	pages = {1-12},
	title = {Incorporation of the spatial correlation of arias intensity within earthquake loss estimation},
	year = 2010
}

@article{Pii1998Driver,
	author = {Pii, Pergamon},
	keywords = {1,been using variable message,bonsall and j,d,driver information,for some years,have,highway authorities in many,introduction and objectives,m,p,parts of the world,route choice,route guidance,shires,stated preference,variable message signs,w,wardman},
	number = 6,
	pages = {4-7},
	title = {DRIVER RESPONSE TO VARIABLE MESSAGE SIGNS : A STATED},
	volume = 5,
	year = 1998
}

@article{Pines1998Conceptual,
	author = {Pines, D J and Lovell, P A},
	booktitle = {Smart materials and Structures},
	journal = {Smart materials and Structures},
	pages = 627,
	publisher = {IOP Publishing},
	title = {Conceptual framework of a remote wireless health monitoring system for large civil structures},
	volume = 7,
	year = 1998
}

@article{Pironneau1973On,
	author = {Pironneau, O},
	booktitle = {Journal of Fluid Mechanics},
	journal = {Journal of Fluid Mechanics},
	keywords = {optimum design; fluid mechanics; energy dissipatio},
	pages = {117-128},
	title = {On optimum profiles in Stokes flow},
	volume = 59,
	year = 1973
}

@article{Pironneau1974On,
	author = {Pironneau, O},
	booktitle = {Journal of Fluid Mechanics},
	journal = {Journal of Fluid Mechanics},
	number = 1,
	pages = {97-110},
	title = {On optimum design in fluid mechanics},
	url = {http://journals.cambridge.org/abstract\_S0022112074002023},
	urldate = {26/09/13},
	volume = 64,
	year = 1974
}

@article{Pisinger2007General,
	author = {Pisinger, David and Ropke, S.},
	booktitle = {Computers \& Operations Research},
	journal = {Computers \& Operations Research},
	keywords = {large neighborhood search,metaheuristics,vehicle routing problem},
	number = 8,
	pages = {2403-2435},
	publisher = {Elsevier},
	title = {A general heuristic for vehicle routing problems},
	url = {http://www.sciencedirect.com/science/article/pii/S0305054805003023},
	urldate = {04/03/12},
	volume = 34,
	year = 2007
}

@article{Pollak2011Simply,
	author = {Pollak, David},
	title = {Simply Lift},
	year = 2011
}

@article{Pollinger2007Question,
	author = {Pollinger, J. Jordan; Outhwaite, John, Cordero-GuzmÃ¡n, Hector},
	booktitle = {Journal of Small Business Management},
	journal = {Journal of Small Business Management},
	number = 1,
	pages = {23-41},
	title = {The Question of Sustainability for Microfinance Institutions},
	volume = 45,
	year = 2007
}

@article{Primer2011Dynamic,
	author = {Primer, A},
	booktitle = {Transportation},
	journal = {Transportation},
	number = {June},
	title = {Dynamic Traffic Assignment},
	year = 2011
}

@misc{Prive20135,
	author = {Prive, T.},
	title = {5 Key Points To Understand about Equity Crowdfunding},
	year = 2013
}

@article{Protas2004Computational,
	author = {Protas, Bartosz and Bewley, Thomas R. and Hagen, Greg},
	booktitle = {Journal of Computational Physics},
	issn = 00219991,
	journal = {Journal of Computational Physics},
	keywords = {4dvar,adjoint analysis,flow control,optimization,regularization},
	month = 3,
	number = 1,
	pages = {49-89},
	title = {A computational framework for the regularization of adjoint analysis in multiscale PDE systems},
	url = {http://linkinghub.elsevier.com/retrieve/pii/S0021999103005114},
	urldate = {16/07/12},
	volume = 195,
	year = 2004
}

@article{Protas2008AdjointBased,
	author = {Protas, Bartosz},
	booktitle = {Journal of Computational Physics},
	issn = 00219991,
	journal = {Journal of Computational Physics},
	keywords = {adjoint equations,computational fluid dynamics,optimal control,preconditioning,state estimation},
	month = 6,
	number = 13,
	pages = {6490-6510},
	title = {Adjoint-based optimization of PDE systems with alternative gradients},
	url = {http://linkinghub.elsevier.com/retrieve/pii/S0021999108001575},
	urldate = {16/05/13},
	volume = 227,
	year = 2008
}

@article{Publishing2011No,
	author = {Publishing, Blackwell and Analysis, Music},
	booktitle = {Music Analysis},
	journal = {Music Analysis},
	number = 2,
	pages = {175-208},
	title = {No Title},
	volume = 2,
	year = 2011
}

@article{Rabbani2010FeedForward,
	author = {Rabbani, Tarek S. and Meglio, Florent Di and Litrico, Xavier and Bayen, Alexandre M.},
	booktitle = {IEEE Transactions on Control Systems Technology},
	issn = {1063-6536},
	journal = {IEEE Transactions on Control Systems Technology},
	month = 1,
	number = 1,
	pages = {213-221},
	title = {Feed-Forward Control of Open Channel Flow Using Differential Flatness},
	url = {http://ieeexplore.ieee.org/lpdocs/epic03/wrapper.htm?arnumber=5169829},
	volume = 18,
	year = 2010
}

@article{Raffard2008AdjointBased,
	author = {Raffard, Robin L and Amonlirdviman, Keith and Axelrod, Jeffrey D and Tomlin, Claire J},
	booktitle = {Automatic Control, IEEE Transactions on},
	journal = {Automatic Control, IEEE Transactions on},
	number = {Special Issue},
	pages = {109-121},
	publisher = {IEEE},
	title = {An adjoint-based parameter identification algorithm applied to planar cell polarity signaling},
	url = {http://ieeexplore.ieee.org/xpls/abs\_all.jsp?arnumber=4439823},
	urldate = {01/08/12},
	volume = 53,
	year = 2008
}

@article{Ramon2013Global,
	author = {RamÃ³n, JosÃ© and Frejo, DomÃ­nguez and Camacho, Eduardo FernÃ¡ndez and Frejo, JosÃ© RamÃ³n DomÃ­nguez},
	booktitle = {Intelligent Transportation Systems, IEEE Transactions on},
	journal = {Intelligent Transportation Systems, IEEE Transactions on},
	number = 4,
	pages = {1556-1565},
	publisher = {IEEE},
	title = {Global Versus Local MPC Algorithms in Freeway Traffic Control With Ramp Metering and Variable Speed Limits},
	volume = 13,
	year = 2013
}

@article{Ran1993New,
	author = {Ran, Bin I N and Boyce, David E and Leblanc, Larry J},
	booktitle = {Operations Research},
	journal = {Operations Research},
	number = 1,
	pages = {192-202},
	publisher = {JSTOR},
	title = {A new class of instantaneous dynamic user-optimal traffic assignment models},
	volume = 41,
	year = 1993
}

@article{Ran1996LinkBased,
	author = {Ran, B I N and Boyce, David E},
	booktitle = {Science},
	journal = {Science},
	number = {I},
	title = {A LINK-BASED VARIATIONAL INEQUALITY FORMULATION OF IDEAL DYNAMIC USER-OPTIMAL ROUTE CHOICE PROBLEM},
	volume = 4,
	year = 1996
}

@article{Ravikumar2011HighDimensional,
	author = {Ravikumar, Pradeep and Wainwright, Martin J. and Raskutti, Garvesh and Yu, Bin},
	booktitle = {Electronic Journal of Statistics},
	issn = {1935-7524},
	journal = {Electronic Journal of Statistics},
	keywords = {62F12, 62F30, Covariance, concentration, precision},
	number = {January 2010},
	pages = {935-980},
	title = {High-dimensional covariance estimation by minimizing â 1 -penalized log-determinant divergence},
	url = {http://projecteuclid.org/euclid.ejs/1316092865},
	urldate = {04/02/13},
	volume = 5,
	year = 2011
}

@techreport{Reilly2012CacheReduce,
	author = {Reilly, Jack and Prodhomme, Boris and Grauzam, Johann},
	pages = {1-20},
	title = {Cache-Reduce : Implementing Collaborative Filtering on a Cluster with the Spark Framework},
	year = 2012
}

@article{Reilly2012OptimizationBased,
	author = {Reilly, Jack and Krichene, Walid and Amin, Saurabh and Bayen, Alexandre M},
	booktitle = {In preparation},
	journal = {In preparation},
	keywords = {convex optimization,eulerian flow,lagrangian flow,social optimum,traffic assignment},
	pages = {1-19},
	title = {Optimization-based Framework for Rerouting a Subset of Users with Mixed Lagrangian-Eulerian Demand},
	year = 2012
}

@article{Reilly2013AdjointBased,
	author = {Reilly, Jack and Krichene, Walid and Delle Monache, M L and Samaranayake, S and Goatin, Paola and Bayen, A.M.},
	booktitle = {Journal of Optimization Theory and Applications (under review)},
	journal = {Journal of Optimization Theory and Applications (under review)},
	keywords = {adjoint based,control of discretized pdes,laws,network of hyperbolic conservation,optimization,ramp metering,transportation engineering},
	pages = {1-23},
	title = {Adjoint-based optimization on a network of discretized scalar conservation law PDEs with applications to coordinated ramp metering},
	year = 2013
}

@article{Reilly2013Mobilea,
	author = {Reilly, Jack and Dashti, Shideh and Ervasti, Mari and Bray, Jonathan D. and Glaser, Steven D. and Bayen, Alexandre M.},
	booktitle = {IEEE Transactions on Automation Science and Engineering},
	issn = {1545-5955},
	journal = {IEEE Transactions on Automation Science and Engineering},
	month = 4,
	number = 2,
	pages = {242-251},
	title = {Mobile Phones as Seismologic Sensors: Automating Data Extraction for the iShake System},
	url = {http://ieeexplore.ieee.org/lpdocs/epic03/wrapper.htm?arnumber=6470715},
	volume = 10,
	year = 2013
}

@article{Reilly????Ishake,
	author = {Reilly, J and Dashti, S and Ervasti, M and Bray, J and Glaser, S and Bayen, A},
	title = {iShake: Using Mobile Phones as Seismologic Sensors},
	url = {http://scholar.google.com/scholar?q=ishake+dashti\&btnG=\&hl=en\&as\_sdt=1,5\#3\#3},
	urldate = {01/07/12}
}

@article{Reilly????On,
	author = {Reilly, Jack and Bayen, Alexandre},
	title = {On the Characterization and Computation of Nash Equilibria on Parallel Networks with Horizontal Queues}
}

@book{Reuther1996Aerodynamic,
	author = {Reuther, James and Jameson, Antony and Farmer, James and Martinelli, Luigi and Saunders, David},
	booktitle = {Aerospace},
	journal = {Aerospace},
	publisher = {Research Institute for Advanced Computer Science, NASA Ames Research Center},
	title = {Aerodynamic Shape Optimization of Complex Aircraft Configurations via an Adjoint Formulation},
	year = 1996
}

@article{Richards1956Shock,
	author = {Richards, P.I.},
	booktitle = {Operations research},
	journal = {Operations research},
	keywords = {macroscopic traffic flow theory},
	number = 1,
	pages = {42-51},
	publisher = {JSTOR},
	title = {Shock waves on the highway},
	url = {http://www.jstor.org/stable/10.2307/167515},
	urldate = {22/02/12},
	volume = 4,
	year = 1956
}

@article{Rothfarb1970Optimal,
	author = {Rothfarb, B and Frank, H and Rosenbaum, D M and Steiglitz, K and Kleitman, D J},
	booktitle = {Operations Research},
	journal = {Operations Research},
	number = 6,
	pages = {992-1020},
	publisher = {INFORMS},
	title = {Optimal design of offshore natural-gas pipeline systems},
	url = {http://or.journal.informs.org/content/18/6/992.short},
	urldate = {27/09/13},
	volume = 18,
	year = 1970
}

@inproceedings{Roughgarden2001Stackelberg,
	author = {Roughgarden, T.},
	booktitle = {Proceedings of the thirty-third annual ACM symposium on Theory of computing},
	institution = {ACM},
	journal = {Proceedings of the thirty-third annual ACM symposium on Theory of computing},
	pages = {104-113},
	school = {ACM},
	title = {Stackelberg scheduling strategies},
	year = 2001
}

@article{Roughgarden2002How,
	author = {Roughgarden, T. and Tardos, E.},
	booktitle = {Journal of the ACM (JACM)},
	journal = {Journal of the ACM (JACM)},
	number = 2,
	pages = {236-259},
	publisher = {ACM},
	title = {How bad is selfish routing?},
	volume = 49,
	year = 2002
}

@article{Roughgarden2003Price,
	author = {Roughgarden, Tim},
	booktitle = {Journal of Computer and System Sciences},
	issn = 00220000,
	journal = {Journal of Computer and System Sciences},
	number = 2,
	pages = {341-364},
	publisher = {Academic Press, Inc.},
	title = {The price of anarchy is independent of the network topology},
	url = {http://linkinghub.elsevier.com/retrieve/pii/S0022000003000448},
	volume = 67,
	year = 2003
}

@article{Roughgarden2004Bounding,
	author = {Roughgarden, Tim and Tardos, Ã},
	booktitle = {Games and Economic Behavior},
	journal = {Games and Economic Behavior},
	keywords = {game theory congestion games anarchy system optimu},
	number = 2,
	pages = {389-403},
	publisher = {Elsevier},
	title = {Bounding the inefficiency of equilibria in nonatomic congestion games},
	volume = 47,
	year = 2004
}

@inproceedings{Roughgarden2005Selfish,
	author = {Roughgarden, T},
	booktitle = {Proceedings of the sixteenth annual ACM-SIAM symposium on Discrete algorithms},
	institution = {Society for Industrial and Applied Mathematics},
	journal = {Proceedings of the sixteenth annual ACM-SIAM symposium on Discrete algorithms},
	pages = {1184-1185},
	school = {Society for Industrial and Applied Mathematics},
	title = {Selfish routing with atomic players},
	year = 2005
}

@article{Roughgarden2008Algorithmic,
	author = {Roughgarden, Tim},
	booktitle = {Young},
	journal = {Young},
	number = {September},
	pages = {1-22},
	publisher = {Citeseer},
	title = {An Algorithmic Game Theory Primer},
	url = {http://citeseerx.ist.psu.edu/viewdoc/download?doi=10.1.1.140.2204\&amp;rep=rep1\&amp;type=pdf},
	year = 2008
}

@inproceedings{Roughgarden2009Intrinsic,
	author = {Roughgarden, T},
	booktitle = {Proceedings of the 41st annual ACM symposium on Theory of computing},
	institution = {ACM},
	journal = {Proceedings of the 41st annual ACM symposium on Theory of computing},
	pages = {513-522},
	school = {ACM},
	title = {Intrinsic robustness of the price of anarchy},
	year = 2009
}

@misc{Rubira2011Cvxpy,
	author = {Rubira, Tomas Tinoco De},
	title = {Cvxpy},
	url = {http://www.stanford.edu/{	extasciitilde}ttinoco/cvxpy/},
	year = 2011
}

@inproceedings{Sakaki2010Earthquake,
	author = {Sakaki, T and Okazaki, M and Matsuo, Y},
	booktitle = {Proceedings of the 19th international conference on World wide web},
	institution = {ACM},
	journal = {Proceedings of the 19th international conference on World wide web},
	pages = {851-860},
	school = {ACM},
	title = {Earthquake shakes Twitter users: real-time event detection by social sensors},
	year = 2010
}

@misc{SalmonValleyBusinessAndInnovationCenter2011Association,
	author = {{Salmon Valley Business and Innovation Center}},
	title = {Association for Enterprise Opportunity.},
	url = {http://www.svbic.com/node/26},
	year = 2011
}

@article{Samaranayake2011Tractable,
	author = {Samaranayake, S and Blandin, S and Bayen, A},
	booktitle = {Transportation Research Part C: Emerging Technologies},
	issn = {0968090X},
	journal = {Transportation Research Part C: Emerging Technologies},
	number = 1,
	pages = {199-217},
	publisher = {Elsevier Ltd},
	title = {A tractable class of algorithms for reliable routing in stochastic networks},
	volume = 20,
	year = 2011
}

@misc{Sbdcnet2012Janitorial,
	author = {SBDCNet},
	title = {Janitorial Services Business Report.},
	url = {http://www.sbdcnet.org/small-business-research-reports/janitorial-services-2012},
	year = 2012
}

@article{Schall2010NorthCentred,
	author = {Schall, Gerhard and Mulloni, Alessandro and Reitmayr, Gerhard},
	booktitle = {IEEE International Symposium on Mixed and Augmented Reality},
	isbn = {978-1-4244-9343-2},
	journal = {IEEE International Symposium on Mixed and Augmented Reality},
	month = 10,
	number = 3,
	pages = {267-268},
	publisher = {Ieee},
	title = {North-centred orientation tracking on mobile phones},
	year = 2010
}

@inproceedings{Schulz2003On,
	author = {Schulz, Andreas S and Stier-Moses, NicolÃ¡s E},
	booktitle = {Proceedings of the fourteenth annual ACMSIAM symposium on Discrete algorithms},
	isbn = 0898715385,
	journal = {Proceedings of the fourteenth annual ACMSIAM symposium on Discrete algorithms},
	number = {Wardrop 1952},
	pages = {86-87},
	publisher = {Society for Industrial and Applied Mathematics},
	title = {On the performance of user equilibria in traffic networks},
	url = {http://portal.acm.org/citation.cfm?id=644108.644121},
	year = 2003
}

@article{Sehmeidler1973Equilibrium,
	author = {Sehmeidler, David},
	booktitle = {Journal of Statistical Physics},
	journal = {Journal of Statistical Physics},
	keywords = {nonatomic congestion games nash game theory},
	number = 4,
	pages = {295-300},
	publisher = {Springer},
	title = {Equilibrium points of nonatomic games},
	volume = 7,
	year = 1973
}

@inproceedings{Sghaier2010Dycsma,
	author = {Sghaier, First Manel and Zgaya, Second Hayfa and Hammadi, Third Slim and Tahon, Fourth Christian},
	booktitle = {Intelligent Transportation Systems ITSC 2010 13th International IEEE Conference on},
	isbn = 9781424476589,
	issn = 21530009,
	journal = {Intelligent Transportation Systems ITSC 2010 13th International IEEE Conference on},
	keywords = {carpooling,distributed dijkstra,fig 1,graph modeling,multi agent system,network,offers demands,optimization,real time carpooling,s algorithm},
	pages = {161-166},
	publisher = {IEEE},
	title = {DyCSMA : A Based Multi-Agent Concept Approach for the Management of an optimized Real Time Carpooling Service},
	url = {http://ieeexplore.ieee.org/xpls/abs\_all.jsp?arnumber=5625288},
	year = 2010
}

@article{Sghaier2011Distributed,
	author = {Sghaier, Manel and Tahon, Christian},
	booktitle = {International Journal of Engineering},
	journal = {International Journal of Engineering},
	keywords = {distributed algorithm.,distributed dynamic graph modeling,multi agent system,networkâs decomposition,optimization,real time carpooling},
	number = 2,
	pages = {217-241},
	title = {A Distributed Optimized Approach based on the Multi Agent Concept for the Implementation of a Real Time Carpooling Service with an Optimization Aspect on Siblings},
	volume = 5,
	year = 2011
}

@inproceedings{Sghaier2011Novel,
	author = {Sghaier, Manel and Zgaya, Hayfa and Hammadi, Slim and Tahon, Christian},
	booktitle = {ITSC},
	isbn = 9781457721960,
	journal = {ITSC},
	keywords = {agent based methods modeling analysis,environmental modeling its deployment,optimization control theory modeling},
	pages = {1311-1316},
	title = {A Novel Approach Based On A Distributed Dynamic Graph Modeling set Up Over A Subdivision Process To Deal With Distributed Optimized Real Time Carpooling Requests},
	year = 2011
}

@article{Sharma2009Stackelberg,
	author = {Sharma, Yogeshwer and Williamson, David P.},
	booktitle = {Games and Economic Behavior},
	issn = 08998256,
	journal = {Games and Economic Behavior},
	month = 9,
	number = 1,
	pages = {174-190},
	publisher = {Elsevier Inc.},
	title = {Stackelberg thresholds in network routing games or the value of altruism},
	url = {http://linkinghub.elsevier.com/retrieve/pii/S0899825609001298},
	urldate = {29/03/12},
	volume = 67,
	year = 2009
}

@article{Sheffi1985Urban,
	author = {Sheffi, Y},
	booktitle = {PrenticeHall},
	isbn = 0139397299,
	journal = {PrenticeHall},
	title = {Urban Transportation Networks: Equilibrium Analysis with Mathematical Programming},
	year = 1985
}

@article{Si1973Additional,
	author = {Si, M and Cruz, I B},
	booktitle = {Optimization},
	journal = {Optimization},
	number = 6,
	pages = {613-626},
	title = {Additional Aspects of the Stackelberg Strategy in Nonzero-Sum Gamesl},
	volume = {l},
	year = 1973
}

@article{Simaan1973Additional,
	author = {Simaan, M and Cruz, J B and Si, M and Cruz, I B},
	booktitle = {Journal of Optimization Theory and Applications},
	issn = 00223239,
	journal = {Journal of Optimization Theory and Applications},
	number = 6,
	pages = {613-626},
	title = {Additional aspects of the Stackelberg strategy in non-zero sum games},
	url = {http://www.springerlink.com/index/10.1007/BF00935561},
	volume = 11,
	year = 1973
}

@article{Simaan1973On,
	author = {Simaan, M and Cruz, J B},
	booktitle = {Journal of Optimization Theory and Applications},
	journal = {Journal of Optimization Theory and Applications},
	number = 5,
	pages = {533-555},
	publisher = {Springer},
	title = {On the Stackelberg strategy in nonzero-sum games},
	volume = 11,
	year = 1973
}

@article{Skabardonis2003Measuring,
	author = {Skabardonis, Alexander and Varaiya, Pravin and Petty, KF},
	booktitle = {Transportation Research Record},
	journal = {Transportation Research Record},
	number = 03,
	pages = {118-124},
	title = {Measuring recurrent and nonrecurrent traffic congestion},
	url = {http://trb.metapress.com/index/a20718611333k354.pdf},
	urldate = {11/10/13},
	volume = 1856,
	year = 2003
}

@article{Smith2004Monotone,
	author = {Smith, Hal},
	pages = {1-136},
	title = {Monotone Dynamical Systems},
	year = 2004
}

@article{Smola2004Tutorial,
	author = {Smola, AJ and SchÃ¶lkopf, B},
	booktitle = {Statistics and computing},
	journal = {Statistics and computing},
	title = {A tutorial on support vector regression},
	url = {http://link.springer.com/article/10.1023/B:STCO.0000035301.49549.88},
	urldate = {26/09/13},
	year = 2004
}

@article{Son????Solving,
	author = {Son, Ta Anh and Tudor, C R P Henri},
	booktitle = {Science},
	isbn = 9781457712616,
	journal = {Science},
	title = {Solving Car Pooling Problem using DCA}
}

@article{Speight2010Multigrid,
	author = {Speight, a.},
	booktitle = {Operations Research},
	issn = {0030-364X},
	journal = {Operations Research},
	month = 7,
	number = {4-Part-2},
	pages = {1057-1078},
	title = {Multigrid Techniques in Economics},
	url = {http://or.journal.informs.org/cgi/doi/10.1287/opre.1100.0834},
	urldate = {15/10/13},
	volume = 58,
	year = 2010
}

@article{Starr1969NonzeroSum,
	author = {Starr, A W and Ho, Y C},
	booktitle = {Journal of Optimization Theory and Applications},
	journal = {Journal of Optimization Theory and Applications},
	number = 3,
	pages = {184-206},
	publisher = {Springer},
	title = {Nonzero-sum differential games},
	volume = 3,
	year = 1969
}

@article{Steinhardt1969Multiple,
	author = {Steinhardt, J and Reynolds, JA},
	title = {Multiple equilibria in proteins},
	url = {http://www.getcited.org/pub/101989557},
	urldate = {22/03/13},
	year = 1969
}

@article{Strub2006Continuous,
	author = {Strub, IS and Bayen, AM},
	booktitle = {Decision and Control, 2006 45th IEEE â¦},
	isbn = 1424401712,
	journal = {Decision and Control, 2006 45th IEEE â¦},
	pages = {101-106},
	title = {Continuous adjoint method for Air Traffic Flow Management},
	url = {http://ieeexplore.ieee.org/xpls/abs\_all.jsp?arnumber=4177470},
	urldate = {01/11/12},
	year = 2006
}

@article{Strub2006Optimal,
	author = {Strub, Issam S and Bayen, Alexandre M},
	pages = {1-11},
	title = {Optimal Control of Air Traffic Networks Using Continuous Flow Models},
	year = 2006
}

@article{Strub2006Weak,
	author = {Strub, I S and Bayen, A M},
	booktitle = {International Journal of Robust and Nonlinear Control},
	journal = {International Journal of Robust and Nonlinear Control},
	number = 16,
	pages = {733-748},
	publisher = {Wiley Online Library},
	title = {Weak formulation of boundary conditions for scalar conservation laws: An application to highway traffic modelling},
	volume = 16,
	year = 2006
}

@article{Strub2009Inverse,
	author = {Strub, Issam S. and Percelay, Julie and Stacey, Mark T. and Bayen, Alexandre M.},
	booktitle = {Ocean Modelling},
	issn = 14635003,
	journal = {Ocean Modelling},
	month = 1,
	number = 1,
	pages = {85-93},
	publisher = {Elsevier Ltd},
	title = {Inverse estimation of open boundary conditions in tidal channels},
	url = {http://linkinghub.elsevier.com/retrieve/pii/S1463500309000602},
	urldate = {04/04/13},
	volume = 29,
	year = 2009
}

@article{Sun2003Highway,
	author = {Sun, Xiaotian and MuÃ±oz, Laura and Horowitz, Roberto},
	isbn = 0780379241,
	number = {December},
	pages = {6333-6338},
	title = {Highway Traffic State Estimation Using Improved Mixture Kalman Filters for Effective Ramp Metering Control},
	volume = 1,
	year = 2003
}

@article{Sun2006Bayesian,
	author = {Sun, Shiliang and Zhang, Changshui and Yu, Guoqiang},
	booktitle = {Intelligent Transportation Systems, IEEE Transactions on},
	issn = {1524-9050},
	journal = {Intelligent Transportation Systems, IEEE Transactions on},
	keywords = {Bayesian network;Gaussian mixture model;competitiv},
	month = 3,
	number = 1,
	pages = {124-132},
	title = {A bayesian network approach to traffic flow forecasting},
	volume = 7,
	year = 2006
}

@article{Sun2007Comparison,
	author = {Sun, Dengfeng and Bayen, Alexandre M},
	number = 4,
	pages = {569-594},
	title = {COMPARISON OF THE PERFORMANCE OF FOUR EULERIAN},
	volume = 2,
	year = 2007
}

@misc{Swibel200750,
	author = {Swibel, M.},
	title = {The 50 Top Microfinance Institutions},
	url = {http://www.forbes.com/2007/12/20/microfinance-philanthropy-credit-biz-cz\_ms\_1220microfinance\_table.html},
	year = 2007
}

@article{Szeto2004CellBased,
	author = {Szeto, W Y and Lo, H K},
	booktitle = {Transportation Research Part B: Methodological},
	journal = {Transportation Research Part B: Methodological},
	number = 7,
	pages = {593-612},
	publisher = {Elsevier},
	title = {A cell-based simultaneous route and departure time choice model with elastic demand},
	volume = 38,
	year = 2004
}

@article{Tampere2011Generic,
	author = {TampÃ¨re, Chris M.J. and Corthout, Ruben and Cattrysse, Dirk and Immers, Lambertus H.},
	booktitle = {Transportation Research Part B: Methodological},
	issn = 01912615,
	journal = {Transportation Research Part B: Methodological},
	keywords = {dynamic network loading,dynamic traffic assignment,macroscopic node model},
	month = 1,
	number = 1,
	pages = {289-309},
	title = {A generic class of first order node models for dynamic macroscopic simulation of traffic flows},
	url = {http://linkinghub.elsevier.com/retrieve/pii/S0191261510000846},
	urldate = {22/01/13},
	volume = 45,
	year = 2011
}

@article{Tampere2011Generica,
	author = {TampÃ¨re, Chris M.J. and Corthout, Ruben and Cattrysse, Dirk and Immers, Lambertus H.},
	booktitle = {Transportation Research Part B: Methodological},
	issn = 01912615,
	journal = {Transportation Research Part B: Methodological},
	keywords = {dynamic network loading,dynamic traffic assignment,macroscopic node model},
	month = 1,
	number = 1,
	pages = {289-309},
	title = {A generic class of first order node models for dynamic macroscopic simulation of traffic flows},
	url = {http://linkinghub.elsevier.com/retrieve/pii/S0191261510000846},
	urldate = {16/05/13},
	volume = 45,
	year = 2011
}

@article{Taylor2012Towards,
	address = {Reston, Virigina},
	author = {Taylor, Thomas and Palacios, Francisco and Duraisamy, Karthik and Alonso, Juan},
	booktitle = {42nd AIAA Fluid Dynamics Conference and Exhibit},
	isbn = {978-1-60086-933-4},
	journal = {42nd AIAA Fluid Dynamics Conference and Exhibit},
	month = 6,
	pages = {1-24},
	publisher = {American Institute of Aeronautics and Astronautics},
	title = {Towards a Hybrid Adjoint Approach for Arbitrarily Complex Partial Differential Equations},
	url = {http://arc.aiaa.org/doi/abs/10.2514/6.2012-3342},
	year = 2012
}

@article{Thai????Polyhedral,
	author = {Thai, Jerome},
	title = {Polyhedral hybrid systems and applications to the Cell Transmission Model}
}

@misc{TheMendeleySupportTeam2011Getting,
	address = {London},
	author = {{The Mendeley Support Team}},
	booktitle = {Mendeley Desktop},
	journal = {Mendeley Desktop},
	keywords = {Mendeley,how-to,user manual},
	pages = {1-16},
	publisher = {Mendeley Ltd.},
	title = {Getting Started with Mendeley},
	url = {http://www.mendeley.com},
	year = 2011
}

@misc{TheMendeleySupportTeam2011Gettinga,
	address = {London},
	author = {{The Mendeley Support Team}},
	booktitle = {Mendeley Desktop},
	journal = {Mendeley Desktop},
	keywords = {Mendeley,how-to,user manual},
	pages = {1-16},
	publisher = {Mendeley Ltd.},
	title = {Getting Started with Mendeley},
	url = {http://www.mendeley.com},
	year = 2011
}

@book{Thomson2008Elementary,
	author = {Thomson, Brian S and Bruckner, Judith B and Bruckner, Andrew M},
	booktitle = {Order A Journal On The Theory Of Ordered Sets And Its Applications},
	isbn = 0130190756,
	journal = {Order A Journal On The Theory Of Ordered Sets And Its Applications},
	keywords = {real analysis},
	title = {ELEMENTARY},
	year = 2008
}

@book{Thomson2008Real,
	author = {Thomson, Brian S and Bruckner, Judith B and Bruckner, Andrew M},
	booktitle = {Design},
	isbn = {013458886X},
	journal = {Design},
	title = {Real analysis},
	year = 2008
}

@article{Tong2000Predictive,
	author = {Tong, C. O. and Wong, S. C.},
	booktitle = {Transportation Research Part B: Methodological},
	issn = 01912615,
	journal = {Transportation Research Part B: Methodological},
	number = 8,
	pages = {625-644},
	title = {A predictive dynamic traffic assignment model in congested capacity-constrained road networks},
	url = {http://linkinghub.elsevier.com/retrieve/pii/S0191261599000454},
	volume = 34,
	year = 2000
}

@article{Travasarou2003Empirical,
	author = {Travasarou, Thaleia and Bray, Jonathan D and Abrahamson, Norman A},
	booktitle = {Earthquake Engineering Structural Dynamics},
	issn = 00988847,
	journal = {Earthquake Engineering Structural Dynamics},
	keywords = {arias intensity,attenuation relationship,earthquake,ground motion,point source model},
	number = 7,
	pages = {1133-1155},
	title = {Empirical attenuation relationship for Arias Intensity},
	url = {http://doi.wiley.com/10.1002/eqe.270},
	volume = 32,
	year = 2003
}

@article{Ulbrich2001Optimal,
	author = {Ulbrich, Stefan},
	booktitle = {Habil., TU Munich, Mathematik},
	journal = {Habil., TU Munich, Mathematik},
	title = {Optimal control of nonlinear hyperbolic conservation laws with source terms},
	url = {http://www.opt.tu-darmstadt.de/forschung/nichtlin/Team/ulbrich/papers/habil\_su.ps.gz},
	urldate = {22/08/12},
	year = 2001
}

@misc{Usa2011Automotive,
	author = {USA, Select},
	title = {The Automotive Industry in the United States.},
	url = {http://selectusa.commerce.gov/industry-snapshots/automotive-industry-united-states},
	year = 2011
}

@article{Varaiya2012MaxPressure,
	author = {Varaiya, Pravin},
	pages = {1-33},
	title = {The max-pressure controller for arbitrary networks of signalized intersections},
	year = 2012
}

@misc{Villarino2012Top,
	author = {Villarino, E.},
	title = {Top 10 microfinance institutions: A primer},
	url = {https://www.devex.com/en/news/top-10-microfinance-institutions-a-primer/78918},
	year = 2012
}

@article{Waanders2005Sensitivity,
	author = {Waanders, BG van Bloemen and Bartlett, RA},
	booktitle = {Citeseer},
	journal = {Citeseer},
	number = {January},
	title = {Sensitivity Technologies for Large Scale Simulation},
	url = {http://citeseerx.ist.psu.edu/viewdoc/download?doi=10.1.1.99.2898\&rep=rep1\&type=pdf},
	urldate = {22/08/12},
	year = 2005
}

@book{Wachter2005On,
	author = {Wachter, Andreas and Biegler, Lorenz T},
	isbn = 1010700405,
	keywords = {barrier method,filter method,interior-point method,line search,nonconvex constrained optimization,nonlinear programming},
	pages = {1-33},
	title = {On the implementation of an interior-point filter line-search algorithm for large-scale nonlinear programming},
	year = 2005
}

@misc{Wagdy1990Effect,
	author = {Wagdy, M F and Awad, S S},
	booktitle = {IEEE Transactions on Instrumentation and Measurement},
	issn = 00189456,
	journal = {IEEE Transactions on Instrumentation and Measurement},
	number = 1,
	title = {Effect of sampling jitter on some sine wave measurements},
	volume = 39,
	year = 1990
}

@article{Wainwright2006LogDeterminant,
	author = {Wainwright, Martin J and Jordan, Michael I},
	booktitle = {IEEE Transactions on Signal Processing},
	issn = {1053587X},
	journal = {IEEE Transactions on Signal Processing},
	number = 6,
	pages = {2099-2109},
	title = {Log-Determinant Relaxation for Approximate Inference in Discrete Markov Random Fields},
	url = {http://ieeexplore.ieee.org/lpdocs/epic03/wrapper.htm?arnumber=1634807},
	volume = 54,
	year = 2006
}

@article{Wainwright2007Graphical,
	author = {Wainwright, Martin J. and Jordan, Michael I.},
	booktitle = {Foundations and TrendsÂ® in Machine Learning},
	issn = {1935-8237},
	journal = {Foundations and TrendsÂ® in Machine Learning},
	number = {1-2},
	pages = {1-305},
	title = {Graphical Models, Exponential Families, and Variational Inference},
	url = {http://www.nowpublishers.com/product.aspx?product=MAL\&doi=2200000001},
	urldate = {02/03/12},
	volume = 1,
	year = 2007
}

@article{Wald1999Trinet,
	author = {Wald, David J and Quitoriano, V and Heaton, T H and Kanamori, H and Scrivner, C W and Worden, C B},
	booktitle = {Earthquake Spectra},
	issn = 87552930,
	journal = {Earthquake Spectra},
	number = 3,
	pages = 537,
	publisher = {Earthquake Engineering Research Institute},
	title = {'TriNet ShakeMaps': Rapid Generation of Peak Ground Motion and Intensity Maps for Earthquakes in Southern California},
	volume = 15,
	year = 1999
}

@article{Waller2006ChanceConstrained,
	author = {Travis Waller, S and Ziliaskopoulos, Athanasios K},
	booktitle = {Tramsportation Research Part C: Emerging Technologies},
	issn = {0968090X},
	journal = {Tramsportation Research Part C: Emerging Technologies},
	number = 6,
	pages = {418-427},
	publisher = {PERGAMON-ELSEVIER SCIENCE LTD},
	title = {A chance-constrained based stochastic dynamic traffic assignment model: Analysis, formulation and solution algorithms},
	url = {http://linkinghub.elsevier.com/retrieve/pii/S0968090X06000891},
	volume = 14,
	year = 2006
}

@article{Wang2001Freeway,
	author = {Wang, Y and Messmer, A and Papageorgiou, M},
	booktitle = {Transportation Research Record: Journal of the Transportation Research Board},
	journal = {Transportation Research Record: Journal of the Transportation Research Board},
	keywords = {fundamental diagram traffic theory flow},
	number = {-1},
	pages = {178-188},
	publisher = {Trans Res Board},
	title = {Freeway network simulation and dynamic traffic assignment with METANET tools},
	volume = 1776,
	year = 2001
}

@article{Wang2011Learning,
	address = {New York, New York, USA},
	author = {Wang, Chi and Raina, Rajat and Fong, David and Zhou, Ding and Han, Jiawei and Badros, Greg},
	booktitle = {Proceedings of the 34th international ACM SIGIR conference on Research and development in Information - SIGIR '11},
	isbn = 9781450307574,
	journal = {Proceedings of the 34th international ACM SIGIR conference on Research and development in Information - SIGIR '11},
	keywords = {clickthrough prediction,cogni-,heterogeneous social networks,online advertising,tive relevance},
	pages = 655,
	publisher = {ACM Press},
	title = {Learning relevance from heterogeneous social network and its application in online targeting},
	url = {http://portal.acm.org/citation.cfm?doid=2009916.2010004},
	year = 2011
}

@article{Wang2013Viscosity,
	author = {Wang, Yang and Bian, Baojun and Zhang, Jizhou},
	booktitle = {Journal of Optimization Theory and Applications},
	issn = {0022-3239},
	journal = {Journal of Optimization Theory and Applications},
	keywords = {convexity preserving,jump-diffusion,passport option,uniqueness,viscosity solution},
	month = 8,
	title = {Viscosity Solutions of Integro-Differential Equations and Passport Options in a Jump-Diffusion Model},
	url = {http://link.springer.com/10.1007/s10957-013-0382-9},
	urldate = {15/10/13},
	year = 2013
}

@article{Wardrop1952Some,
	author = {Wardrop, J.G.},
	booktitle = {Proceedings of the Institution of Civil Engineers},
	journal = {Proceedings of the Institution of Civil Engineers},
	keywords = {dta traffic user equilibrium},
	pages = {325-378},
	title = {Some Theoretical Aspects of Road Traffic Research},
	volume = 1,
	year = 1952
}

@article{Wei2013On,
	author = {Wei, Ermin and Ozdaglar, Asuman},
	booktitle = {arXiv preprint arXiv:1307.8254v1},
	isbn = {978-1-4673-2066-5},
	journal = {arXiv preprint arXiv:1307.8254v1},
	pages = 30,
	title = {On the O(1/k) Convergence of Asynchronous Distributed Alternating Direction Method of Multipliers},
	url = {http://arxiv.org/abs/1307.8254v1\nhttp://arxiv.org/abs/1307.8254},
	year = 2013
}

@article{Wen????Block,
	author = {Wen, Zaiwen and Goldfarb, Donald and Scheinberg, Katya},
	booktitle = {Industrial Engineering},
	journal = {Industrial Engineering},
	title = {Block coordinate descent methods for semidefinite programming}
}

@book{White????No,
	author = {White, Tom},
	isbn = 9781449389734,
	title = {No Title}
}

@misc{Wikipedia2013Crowdfunding,
	author = {Wikipedia},
	title = {Crowdfunding},
	year = 2013
}

@article{Wood1993Deterministic,
	author = {Wood, R K},
	booktitle = {Mathematical and Computer Modeling},
	issn = 08957177,
	journal = {Mathematical and Computer Modeling},
	number = 2,
	pages = {1-18},
	publisher = {NAVAL POSTGRADUATE SCHOOL MONTEREY CA DEPT OF OPERATIONS RESEARCH},
	title = {Deterministic network interdiction},
	url = {http://linkinghub.elsevier.com/retrieve/pii/089571779390236R},
	volume = 17,
	year = 1993
}

@article{Work2009Convex,
	author = {Work, By Daniel B and Bayen, Alexandre M},
	booktitle = {Aviation},
	journal = {Aviation},
	number = 12,
	title = {Convex Formulations of Air Traffic Flow Optimization Problems},
	volume = 96,
	year = 2009
}

@article{Work2010Traffic,
	author = {Work, D. B. and Blandin, S. and Tossavainen, O. P. and Piccoli, B. and Bayen, A. M.},
	booktitle = {Applied Mathematics Research eXpress},
	issn = {1687-1200},
	journal = {Applied Mathematics Research eXpress},
	month = 4,
	number = 1,
	pages = 1,
	publisher = {Oxford University Press},
	title = {A traffic model for velocity data assimilation},
	url = {http://amrx.oxfordjournals.org/cgi/doi/10.1093/amrx/abq002},
	urldate = {31/08/11},
	volume = 2010,
	year = 2010
}

@article{Xie2002GradientBased,
	author = {Xie, Lei},
	keywords = {adjoint method,boundary conditions,optimum aerodynamic design},
	title = {Gradient-Based Optimum Aerodynamic Design Using Adjoint Methods},
	year = 2002
}

@article{Yang2007Stackelberg,
	author = {Yang, H and Zhang, X and Meng, Q},
	booktitle = {Transportation Research Part B: Methodological},
	journal = {Transportation Research Part B: Methodological},
	number = 8,
	pages = {841-861},
	publisher = {Elsevier},
	title = {Stackelberg games and multiple equilibrium behaviors on networks},
	volume = 41,
	year = 2007
}

@article{Yim1996Link,
	author = {Yim, Y and Ygnace, JL},
	booktitle = {Journal of the Transportation Research Board},
	journal = {Journal of the Transportation Research Board},
	pages = {58-64},
	title = {Link flow evaluation using loop detector data: Traveler response to variable-message signs},
	url = {http://trb.metapress.com/index/Y04161042VK55805.pdf},
	urldate = {12/09/12},
	year = 1996
}

@article{Zaharia2010Spark,
	author = {Zaharia, Matei and Chowdhury, Mosharaf and Franklin, Michael J and Shenker, Scott and Stoica, Ion},
	booktitle = {Proceedings of the 2nd USENIX conference on Hot topics in cloud computing},
	institution = {EECS Department, University of California, Berkeley},
	issn = 13669516,
	journal = {Proceedings of the 2nd USENIX conference on Hot topics in cloud computing},
	number = {UCB/EECS-2010-53},
	pages = {10-10},
	publisher = {USENIX Association},
	school = {EECS Department, University of California, Berkeley},
	series = {HotCloud'10},
	title = {Spark : Cluster Computing with Working Sets},
	url = {http://portal.acm.org/citation.cfm?id=1863113},
	volume = 39,
	year = 2010
}

@article{Zaharia2011Resilient,
	author = {Zaharia, Matei and Chowdhury, Mosharaf and Das, Tathagata and Dave, Ankur and Ma, Justin},
	booktitle = {Engineering},
	institution = {Technical Report UCB/EECS-2011-82, EECS Department, University of California, Berkeley},
	journal = {Engineering},
	number = 66,
	pages = {1025-1043},
	school = {Technical Report UCB/EECS-2011-82, EECS Department, University of California, Berkeley},
	title = {Resilient Distributed Datasets : A Fault-Tolerant Abstraction for In-Memory Cluster Computing},
	url = {http://www.cs.princeton.edu/courses/archive/fall11/cos518/papers/spark.pdf http://www.icsi.berkeley.edu/pubs/networking/resilientdistributeddatasets11.pdf},
	urldate = {11/05/12},
	year = 2011
}

@article{Zhang2008Cooperative,
	author = {Zhang, J. and Zhang, Q.},
	booktitle = {2008 IEEE INFOCOM - The 27th Conference on Computer Communications},
	isbn = {978-1-4244-2026-1},
	issn = {0743-166X},
	journal = {2008 IEEE INFOCOM - The 27th Conference on Computer Communications},
	keywords = {Cooperative Routing in Multi-Source Multi-Destinat},
	month = 4,
	pages = {2369-2377},
	publisher = {Ieee},
	title = {Cooperative Routing in Multi-Source Multi-Destination Multi-Hop Wireless Networks},
	url = {http://ieeexplore.ieee.org/lpdocs/epic03/wrapper.htm?arnumber=4509901},
	year = 2008
}

@inproceedings{Zhang2011Crowdsourcing,
	author = {Zhang, H and Horvitz, E and Miller, R C and Parkes, D C},
	booktitle = {ACM CHI 2011 Workshop on Crowdsourcing and Human Computation},
	journal = {ACM CHI 2011 Workshop on Crowdsourcing and Human Computation},
	title = {Crowdsourcing general computation},
	year = 2011
}

@article{Zheng2011Network,
	author = {Zheng, H and Chiu, Y C},
	booktitle = {Transportation Science},
	journal = {Transportation Science},
	number = 1,
	pages = 121,
	title = {A Network Flow Algorithm for the Cell-Based Single-Destination System Optimal Dynamic Traffic Assignment Problem},
	volume = 45,
	year = 2011
}

@article{Zheng2012Dynamic,
	author = {Zheng, Jiefu and Casta, David A},
	booktitle = {Control},
	journal = {Control},
	title = {Dynamic Network Interdiction Games with Imperfect Information and Deception},
	year = 2012
}

@article{Zhu1996CoCoercivity,
	author = {Zhu, DL and Marcotte, P.},
	booktitle = {SIAM Journal on Optimization},
	journal = {SIAM Journal on Optimization},
	number = 3,
	pages = {714-726},
	publisher = {Philadelphia, Pa.: The Society, c1991-},
	title = {CO-COERCIVITY AND ITS ROLE IN THE CONVERGENCE OF ITERATIVE SCHEMES FOR SOLVING VARIATIONAL INEQUALITIES},
	url = {http://www.iro.umontreal.ca/{	extasciitilde}marcotte/ARTIPS/1996\_SIAM\_Control.pdf},
	urldate = {23/02/12},
	volume = 6,
	year = 1996
}

@article{Ziliaskopoulos1999Simultaneous,
	author = {Ziliaskopoulos, A K and Rao, L},
	booktitle = {International Transactions in Operational Research},
	issn = 09696016,
	journal = {International Transactions in Operational Research},
	number = 1,
	pages = {21-37},
	title = {A simultaneous route and departure time choice equilibrium model on dynamic networks},
	url = {http://doi.wiley.com/10.1111/j.1475-3995.1999.tb00141.x},
	volume = 6,
	year = 1999
}

@book{Apice2010Modeling,
	author = {D'Apice, Ciro and Gottlich, Simone and Herty, Michael and Piccoli, Benedetto},
	publisher = {SIAM},
	title = {Modeling, Simulation, and Optimization of Supply Chains: A Continuous Approach},
	year = 2010
}

@article{Gugat2012Contamination,
	author = {Gugat, Martin},
	booktitle = {SIAM Journal on Applied Mathematics},
	journal = {SIAM Journal on Applied Mathematics},
	number = 6,
	pages = {1772-1791},
	publisher = {SIAM},
	title = {Contamination source determination in water distribution networks},
	volume = 72,
	year = 2012
}

@article{Gugat2011Gas,
	author = {Gugat, Martin and Dick, Markus and Leugering, GÃ¼nter},
	booktitle = {SIAM Journal on Control and Optimization},
	journal = {SIAM Journal on Control and Optimization},
	number = 5,
	pages = {2101-2117},
	publisher = {SIAM},
	title = {Gas flow in fan-shaped networks-classical solutions and feedback stabilization},
	volume = 49,
	year = 2011
}
